1905 3180
616 256 851 287 EPISTOLAE'.
1343 248 1425 287 415

34 375 80 416 in
108 375 302 414 tractatu
327 375 568 414 memorato
596 372 785 427 reperiat
814 371 1039 427 ingeniosa
1065 372 1280 420 discretio,
1314 373 1429 427 quod

34 439 283 483 rationabili
357 440 581 494 proposito
633 439 875 490 conveniat,
932 440 1040 480 bene
1093 439 1300 494 quidem,
1363 440 1427 479 sin

33 512 190 557 autem,
224 510 358 562 ponat
399 507 670 561 scripturam,
714 510 804 555 aut,
842 506 954 547 sicut
986 507 1201 556 videatur,
1238 506 1427 560 abjiciat.

35 575 202 631 Nequit
242 577 391 616 autem
432 574 677 615 inerranter
708 574 918 615 {estimari
960 574 1077 628 quod
1119 575 1323 623 continet,
1346 574 1429 614 nisi

34 642 324 685 scrutabiliter
364 641 569 682 relectam
610 643 761 696 penset
799 655 971 695 aequum
1012 641 1195 682 rationis
1236 655 1427 683 examen.

35 711 168 766 Spero
202 723 371 764 quoque
403 709 518 763 quod
549 709 596 749 in
627 708 774 763 aliqua
808 708 875 748 sui
908 709 1124 761 particula
1157 709 1280 749 dabit
1312 723 1430 749 occa—

33 778 198 820 sionem
238 776 436 832 sapienti,
473 779 630 817 vestrae
667 776 822 817 saltem
860 776 1182 817 occasionaliter
1217 776 1431 817 servietur

33 844 275 895 industriae,
317 844 551 885 secimdum
594 843 709 898 quod
742 843 952 899 scriptum
984 847 1061 893 est,
1106 848 1127 865 ‘⁴
1142 844 1212 884 Da
1249 844 1429 885 occasio-

35 917 58 935 “
88 927 188 953 nem
220 911 405 967 sapienti
438 914 482 952 et
523 911 759 966 sapientior
800 911 884 952 erit
903 911 938 952 :''
970 911 1005 952 si
1041 914 1216 952 tantum
1245 911 1430 952 incultas

32 979 248 1022 horrentis
290 979 399 1033 styli
441 979 697 1020 sentientias
739 982 896 1021 vestrae
933 980 1093 1021 vestiat
1131 982 1310 1020 ornatus
1346 978 1431 1020 elo-

35 1047 233 1103 quentiae.
295 1046 399 1088 Non
430 1046 705 1087 mediocriter
741 1060 813 1087 cor
849 1047 1041 1088 saucium
1074 1047 1277 1088 molestat
1309 1046 1431 1087 dolor

33 1114 201 1166 anxius,
232 1128 309 1169 pro
341 1128 390 1156 eo
427 1114 543 1169 quod
574 1129 663 1155 non
695 1117 785 1155 tam
815 1115 999 1170 propriae
1033 1129 1164 1169 quam
1203 1114 1431 1156 Oantuari-

35 1181 125 1223 ensi
158 1181 344 1223 ecclesiae
375 1181 645 1236 personalem
682 1182 960 1236 praesentiam
991 1186 1182 1223 vestram
1213 1197 1311 1223 cum
1343 1181 1431 1223 evi-

34 1249 155 1291 denti
188 1249 549 1290 detrimentorum
586 1249 844 1299 discrimine,
871 1249 907 1290 si
937 1264 1055 1290 secus
1082 1250 1176 1290 fieri
1208 1249 1431 1304 potuisset,

34 1316 269 1358 subducere
320 1316 595 1358 concessistis.
681 1316 900 1358 Concedat
942 1317 1078 1367 vobis,
1115 1331 1199 1367 oro,
1243 1317 1433 1371 propitia

35 1383 254 1425 Divinitas
285 1383 486 1425 habitare
522 1383 745 1425 Christum
777 1399 852 1439 per
884 1384 1016 1425 fidem
1045 1384 1092 1424 in
1120 1384 1246 1425 corde
1276 1387 1432 1433 vestro,

33 1452 80 1493 in
116 1452 297 1493 caritate
339 1452 535 1493 radicato
583 1455 626 1492 et
678 1451 873 1501 fundato,
922 1454 974 1492 ut
1020 1451 1193 1507 possitis
1243 1465 1433 1507 compre-

34 1519 220 1564 hendere
260 1533 358 1560 cum
392 1519 592 1560 omnibus
625 1519 787 1560 sanctis
820 1534 917 1574 quae
949 1519 1007 1559 sit
1048 1518 1251 1570 latitudo,
1295 1519 1433 1575 longi-

37 1586 152 1636 tudo,
187 1586 434 1628 sublimitas
466 1589 510 1627 et
551 1586 834 1642 profunditas,
878 1586 1069 1629 latitudo
1103 1587 1311 1636 caritatis,
1341 1586 1432 1628 lon-

34 1654 184 1710 gitudo
238 1654 509 1704 aeternitzttis,
564 1654 810 1695 sublimitas
866 1655 1106 1710 potestatis,
1160 1654 1434 1710 profunditas

35 1722 264 1774 veritatis,
316 1737 401 1777 quo
445 1722 522 1763 fiet
555 1726 605 1763 ut
651 1723 767 1777 quod
818 1723 1034 1777 sapienter
1073 1737 1194 1763 mens
1236 1722 1431 1777 concipit,

35 1789 259 1832 efficaciter
295 1790 551 1845 pronuntiet
588 1790 740 1845 lingua
761 1790 979 1845 sapientis.

94 1922 300 1963 Primum.
377 1922 506 1973 Quod
543 1937 619 1977 per
649 1921 846 1963 divinam
877 1922 1203 1963 institutionem
1231 1937 1320 1963 non
1347 1922 1431 1963 nisi

34 1989 186 2030 unicus
227 1993 271 2030 et
304 2004 499 2030 summus
530 1989 731 2045 pontifex
763 1989 997 2045 praesideat
1032 1990 1249 2031 universis
1280 1989 1434 2030 mundi

34 2057 292 2107 nationibus

95 2124 351 2166 Secundum.
415 2125 480 2166 De
511 2124 788 2166 immanitate
822 2126 1035 2167 malorum
1066 2126 1134 2166 his
1175 2126 1328 2166 diebus
1359 2139 1435 2166 no-

36 2191 224 2233 vissimis
266 2192 483 2233 mundum
515 2192 898 2248 perturbantium.'

96 2259 299 2301 Tertium.
362 2260 429 2302 De
481 2260 724 2316 gratiarum
765 2261 1011 2303 actionibus
1059 2261 1152 2302 Deo
1198 2260 1436 2302 referendis

0 2327 1 2343 ³
37 2341 113 2382 pro
163 2342 330 2369 summo
383 2328 589 2384 pontifice
642 2329 870 2384 praesentis
914 2329 1125 2384 temporis
1166 2329 1222 2370 ad
1265 2329 1435 2385 dispen-

2 2420 4 2439 s
37 2395 250 2437 sationem
281 2396 436 2437 salutis
478 2399 630 2438 contra
661 2399 791 2437 tanta
821 2396 1074 2438 discrimina
1104 2397 1309 2438 universo
1341 2396 1434 2438 orbi

4 2520 5 2523 Ἴ
38 2461 248 2510 divinitus
289 2479 498 2507 concesso.

6 2576 7 2579 Ἴ
69 2530 325 2582 .Quartum.
391 2532 604 2583 Qualibus
650 2532 900 2573 sanctitatis
945 2531 1193 2573 eminentiis
1237 2534 1436 2587 oporteat

6 2596 8 2625 5
41 2610 127 2651 esse
156 2599 362 2653 praeditos
394 2599 450 2640 ad
483 2599 778 2640 imitationem
816 2600 974 2640 summi
995 2600 1213 2654 pontificis
1245 2614 1326 2650 eos,
1360 2598 1435 2653 qui

8 2691 9 2696 ,
40 2662 175 2705 eidem
217 2666 428 2707 assistunt
469 2667 518 2707 in
550 2667 824 2708 ecclesiarum
865 2667 1087 2722 regimine.

10 2786 11 2789 Ἴ
99 2731 323 2782 Quintum.
387 2734 454 2775 De
499 2734 696 2789 supernis
736 2737 1017 2789 paternarum
1060 2734 1434 2775 illuminationum

43 2799 270 2841 eventibus
323 2801 391 2842 his
432 2801 704 2857 temporibus
748 2801 963 2843 divinitus
1018 2801 1238 2852 concessis,
1278 2800 1436 2854 quibus
