1905 3180
428 282 510 327 ‚⁶370
906 287 1010 318 ADAE
1044 287 1104 318 DE
1135 284 1331 317 MAmsco

428 410 597 450 morata
627 407 822 446 moretur
853 401 1078 459 provincia
1109 400 1375 457 provinciale
1423 400 1664 456 capitulum
1702 415 1829 457 prox-

427 477 514 516 imo
566 474 765 514 futurum
824 471 1131 520 celebraturus,
1195 483 1249 510 ne
1292 483 1409 509 casso
1451 471 1679 510 tantarum
1732 483 1829 524 pro-

430 543 648 585 visionum
692 540 930 590 conamine‚
973 542 1066 580 tam
1110 536 1370 578 salutarium
1418 551 1647 578 causarum
1688 537 1834 578 exitus

429 609 672 660 desiderati,
707 608 823 663 quod
854 607 980 657 absit,
1016 605 1220 647 frustrari
1253 605 1512 660 contingant
1528 603 1554 656 3¹
1589 605 1663 646 sed
1683 605 1830 661 potius

431 693 528 734 quae
572 692 648 733 per
695 679 918 717 strenuam
961 673 1134 729 praefati
1174 672 1323 714 fratris
1366 672 1646 714 sedulitatem
1689 673 1831 729 propi-

430 746 495 787 tia
547 744 772 786 Divinitas
814 742 1047 784 salubriter
1096 740 1322 782 inchoavit
1359 740 1415 781 ad
1464 740 1648 796 gloriam
1690 740 1833 782 divini

432 812 646 861 Nominis,
694 815 738 853 et
778 810 1001 866 religionis
1050 809 1251 850 humanae
1293 808 1546 864 profectum,
1589 807 1704 850 felici
1744 809 1831 850 fine

431 883 730 923 consummata
788 879 1064 934 gaudeamus.
1145 876 1397 919 Praesertim
1440 891 1537 917 cum
1589 876 1833 919 commissio

430 949 622 990 ministri
663 947 877 1004 generalis
919 946 1107 987 fideliter
1149 945 1430 993 considerata,
1489 944 1618 1000 plane
1659 945 1719 987 sic
1760 946 1832 1001 agi

431 1018 659 1073 (leposcat;
703 1015 895 1056 ministri
939 1028 1111 1069 quoque
1146 1013 1399 1068 Hyberniae,
1445 1016 1498 1054 ut
1546 1013 1688 1065 audio,
1734 1029 1831 1055 cum

430 1084 652 1126 nonnullis
704 1083 924 1131 fratribus,
958 1097 1055 1136 (111ῑο
1090 1081 1174 1123 Dei
1221 1084 1325 1122 sunt
1376 1080 1450 1136 pia
1494 1081 1832 1136 longanimitate

432 1152 740 1207 quaerentibus,
763 1151 841 1192 hoc
863 1150 1033 1192 fervens
1058 1150 1229 1205 flagitet
1252 1148 1513 1191 desiderium
1530 1165 1540 1200 3
1563 1149 1679 1204 quod
1700 1150 1834 1191 etiam

431 1220 798 1275 distinguentium
850 1218 1134 1260 articulorum
1183 1217 1463 1273 acceptabilis
1510 1217 1714 1272 urgentia
1755 1218 1834 1259 cir-

432 1291 687 1343 cumspectae
743 1286 924 1328 virtutis
971 1286 1252 1328 aemulatione
1308 1300 1397 1326 non
1454 1288 1545 1326 tam
1619 1286 1834 1341 acceptari

433 1370 564 1410 quam
607 1354 846 1411 adimpleri,
887 1354 928 1399 ¹si
967 1354 1183 1396 (livinitus
1230 1354 1368 1405 detur,
1418 1353 1643 1409 compellit,
1695 1353 1836 1396 modis

434 1423 646 1464 omnibus.

493 1491 715 1532 Modicum
746 1490 829 1531 erit
869 1489 1156 1539 formidanda,
1200 1489 1301 1531 licet
1345 1489 1581 1545 malignius
1621 1489 1834 1541 insaeviat,

432 1558 649 1600 sfevitiosa
700 1558 853 1607 rabies,
926 1558 1058 1598 immo
1109 1572 1185 1612 per
1243 1557 1406 1612 Ipsum,
1460 1557 1536 1612 qui
1593 1558 1671 1599 (lat
1724 1572 1834 1613 equo

434 1627 754 1677 fortitudinem,
789 1629 832 1667 et
877 1625 1116 1667 circumdat
1149 1624 1256 1666 collo
1288 1625 1380 1679 ejus
1424 1624 1660 1675 hinnitum,
1704 1627 1835 1668 susci-

432 1697 533 1736 tans
576 1709 674 1735 eum
712 1693 824 1734 sicut
874 1693 1074 1743 JocustaS,
1119 1692 1408 1733 exultandum
1446 1696 1520 1741 est,
1564 1694 1834 1749 pergendum

435 1762 482 1802 in
525 1775 746 1802 occursum
805 1761 996 1811 armatis,
1054 1760 1396 1801 contemnendus
1453 1764 1518 1801 est
1562 1775 1709 1816 pavor,
1757 1776 1835 1803 nec

436 1829 675 1870 cedendum
705 1827 861 1883 gladio.
913 1828 1030 1879 Quid
1058 1828 1204 1868 enim?
1251 1827 1497 1869 Audiamus
1525 1829 1835 1884 triumphalem

435 1899 674 1937 castrorum
718 1895 959 1936 coelestium
991 1898 1358 1951 propugnatorem
1385 1912 1392 1936 :
1429 1900 1452 1918 “
1475 1896 1523 1938 Si
1556 1897 1835 1947 consistant‚’'

433 1964 592 2018 inquit,
629 1963 900 2004 “adversum
948 1978 1015 2004 me
1051 1966 1203 2012 castra,
1242 1978 1329 2005 non
1358 1963 1535 2005 timebit
1569 1979 1640 2006 cor
1680 1979 1834 2006 meum.

438 2038 457 2052 “
493 2031 540 2072 Si
572 2034 780 2086 exsurgat
823 2031 1051 2072 adversum
1088 2046 1155 2072 me
1192 2031 1409 2086 proelium⁷
1443 2031 1490 2072 in
1519 2031 1598 2073 hoc
1630 2047 1709 2088 ego
1742 2047 1836 2089 spe-

439 2106 459 2119 “
493 2098 636 2140 rabo.”
698 2098 756 2139 Et
800 2099 933 2139 alibi:
986 2103 1006 2119 “
1030 2099 1134 2139 Non
1179 2099 1346 2140 timebo
1388 2099 1529 2140 millia
1563 2101 1714 2156 populi
1757 2101 1835 2142 cir-

440 2172 459 2187 ‘2
494 2166 740 2207 cumclantis
784 2181 862 2207 me.
932 2166 1142 2222 Exsurge,
1178 2167 1394 2217 Domine;
1432 2168 1602 2209 salvum
1646 2183 1715 2210 me
1756 2169 1834 2221 fac,

443 2237 463 2254 ‘⁸
499 2233 617 2274 Deus
662 2232 819 2274 meusf’
896 2234 1120 2289 Respondi
1168 2249 1264 2289 quae
1312 2235 1532 2277 docuistis.
1594 2236 1836 2291 Epistolam

441 2300 721 2342 abbreviavit
763 2301 1154 2356 importunitatum
1186 2302 1428 2358 prolixitas.
1493 2303 1597 2345 Non
1628 2305 1732 2359 quia
1762 2305 1838 2346 diu

443 2368 565 2408 nolui
613 2368 812 2419 scribere,
857 2369 1043 2411 tardavi.
1110 2370 1285 2426 Rogavi
1333 2373 1481 2411 tamen
1527 2372 1681 2413 donari
1728 2372 1837 2413 mihi

445 2436 558 2476 hanc
591 2435 810 2490 injuriam.

506 2503 664 2544 Valeat
696 2507 855 2545 vestrae
920 2505 1202 2559 paternitatis
1255 2506 1534 2549 incolumitas
1575 2507 1621 2549 111
1665 2508 1840 2550 Christo

445 2585 613 2626 semper
644 2574 688 2612 ot
720 2571 971 2614 lwatissima
991 2573 1182 2629 Virgine.

981 2841 988 2857 ¹
1014 2851 1068 2870 eon
1075 2841 1183 2883 lingna,
1200 2842 1272 2873 MS.
