1905 3180
608 270 661 300 Er
671 270 677 298 ι
686 270 742 299 ›3⁷1¹‹
751 271 844 300 mii.
1338 264 1362 302 4
1370 264 1391 303 2
1399 264 1421 305 5)

33 393 279 437 memoratis
322 393 548 435 manifeste
596 394 882 443 convincitur,
931 394 1131 435 omnibus
1169 394 1312 436 saeculi
1354 410 1429 436 na-

31 462 222 506 tionibus
268 465 537 516 praerogatur
583 462 720 502 forma
760 462 949 511 vivendi,
994 462 1199 517 dirigitur
1250 478 1426 504 censura

27 530 265 587 judicandi,
308 529 503 570 sancitur
544 529 653 570 ritus
705 529 898 578 colendi3
950 533 1125 585 propter
1158 532 1273 585 quod
1318 532 1427 572 mala

31 598 317 654 reprobantur
354 600 398 637 et
439 597 552 637 bona
583 600 922 652 promoventur;
974 597 1175 639 universa
1227 599 1429 639 ordinan-

32 671 113 715 tur,
146 669 189 707 et
221 665 276 706 ob
307 665 386 705 hoc
423 664 605 705 ulterius
636 664 858 705 violentiis
901 666 1091 720 oppressi
1123 667 1426 715 restituuntur,

33 733 246 775 exercitiis
301 732 477 787 fatigati
538 732 820 773 refoventur?
902 733 1027 773 Illius
1076 734 1283 774 nimirum
1336 735 1429 775 orbi

33 802 238 844 salvando
290 801 383 842 vice
435 800 690 856 praesidetis,
740 801 814 854 qui
866 801 956 842 ait:
1014 801 1216 842 “Venite
1268 803 1323 843 ad
1364 817 1430 842 mc

34 875 55 893 “
87 884 232 911 omnes
273 868 348 923 qui
388 868 597 910 laboratis
638 871 683 909 et
727 868 894 909 onerati
949 868 1062 918 estis,
1107 872 1150 910 et
1207 884 1284 925 ego
1336 870 1431 911 refi—

34 943 56 960 “
88 938 196 979 ciam
228 951 313 978 vos.
377 936 533 977 Tollite
578 936 736 991 jugum
779 950 923 977 meum
965 951 1092 992 super
1129 951 1218 988 vos,
1263 941 1306 979 et
1349 939 1431 979 dis-

35 1006 167 1047 “cite
215 1020 239 1046 a
290 1019 369 1056 me,
423 1005 524 1059 quia
574 1004 691 1045 mitis
733 1019 828 1045 sum
880 1008 923 1046 et
975 1005 1151 1046 humilis
1198 1006 1333 1056 corde,
1387 1010 1431 1047 et

37 1081 55 1098 “
87 1074 321 1116 invenietis
362 1074 555 1129 requiem
599 1074 828 1115 animabus
871 1075 1041 1117 vestris.
1106 1075 1272 1132 Jugum
1315 1077 1430 1117 enim

35 1149 56 1165 “
88 1157 231 1184 meum
263 1156 394 1183 suave
427 1146 502 1191 est,
536 1145 580 1183 et
619 1156 727 1182 onus
759 1156 902 1183 meum
944 1142 1074 1184 leve.'’
1137 1143 1195 1185 Et
1242 1145 1428 1186 iterum:

88 1211 153 1252 Tu
189 1214 347 1260 autem,
385 1210 572 1251 Domine
609 1210 838 1260 virtutum,
879 1225 975 1251 cum
1009 1212 1332 1266 tranquillitate
1360 1213 1431 1267 ju-

89 1280 214 1329 dicas,
263 1282 307 1320 et
353 1293 449 1320 cum
482 1293 641 1334 magna
672 1279 917 1319 reverentia
949 1279 1143 1334 disponis
1185 1295 1282 1335 quie
1323 1281 1432 1321 circa

37 1354 58 1370 “
89 1348 202 1389 nos.''
265 1347 324 1388 Et
375 1361 549 1387 rursus:
596 1346 847 1388 “Misereris
886 1347 1092 1396 omnium,
1131 1348 1233 1403 quia
1286 1349 1432 1389 omnia

36 1422 56 1438 “
85 1419 216 1472 potes,
236 1419 280 1456 et
301 1415 580 1456 dissimulans
602 1414 791 1456 dimittis
814 1418 988 1470 peccata
1010 1415 1235 1456 hominum
1256 1420 1433 1471 propter

36 1490 57 1505 ι(
88 1483 408 1539 poenitentiam.
493 1483 654 1538 Diligis
686 1483 802 1524 enim
835 1483 982 1524 omnia
1015 1498 1112 1538 quse
1144 1488 1258 1535 sunt,
1293 1485 1432 1539 parcis

38 1557 58 1573 “
90 1554 235 1592 autem
259 1551 458 1592 omnibus
490 1551 695 1607 quoniam
726 1554 803 1592 tua
836 1554 950 1600 sunt,
976 1551 1173 1602 Domine,
1207 1553 1282 1608 qui
1314 1568 1432 1594 amas

39 1624 61 1644 “
91 1618 296 1661 animas.”

35 1218 55 1234 (ζ

37 1286 57 1303 (C

612 1774 715 1816 CAP.
750 1774 853 1816 VII.

96 1895 437 1950 Verumptamen
488 1894 741 1936 nullatenus
793 1895 1103 1950 ambigendum
1156 1896 1243 1937 fore
1307 1900 1432 1953 puta-
1450 1904 1582 1955 Praises
1597 1904 1653 1936 the

37 1962 166 2013 bitur,
207 1963 313 2018 quin
356 1963 472 2004 inter
516 1963 742 2004 universas
785 1963 1072 2005 habitationis
1103 1964 1305 2006 humanae
1338 1979 1433 2020 par-
1451 1949 1660 2025 ‘'Ehfflfgffiff

40 2031 226 2082 titiones,
259 2031 384 2087 regni
431 2031 617 2086 Angliae,
663 2031 778 2086 quod
820 2031 1089 2073 excellentiae
1134 2032 1285 2088 Papali
1327 2033 1433 2074 obli·
1506 2018 1526 2036 ὃ

39 2100 177 2154 gatior
214 2099 292 2140 fidi
335 2098 507 2139 foederis
554 2099 825 2140 necessitudo
870 2100 1133 2156 constringit
1180 2101 1430 2150 obnoxium,

39 2167 444 2209 excellentissimum
491 2181 647 2222 regem,
693 2170 737 2208 et
789 2167 909 2222 pium
961 2168 1130 2218 clerum,
1177 2172 1221 2209 et
1260 2169 1433 2210 fidelem

39 2235 243 2290 populum
288 2235 554 2290 propensiori
596 2235 759 2290 pietate
791 2239 1072 2290 paternorum
1104 2237 1316 2277 viscerum
1354 2237 1433 2278 cle-

40 2304 227 2344 mentius
258 2303 590 2358 amplectamini,
634 2307 678 2344 et
719 2318 966 2358 supremum
998 2304 1238 2358 majestatis
1269 2306 1433 2360 apicem

42 2384 204 2426 semper
234 2370 442 2412 inclinare
473 2371 641 2420 curetis,
675 2374 726 2412 ut
758 2371 929 2412 eosdem
961 2375 1252 2426 praepotenter
1293 2377 1437 2428 prote-

42 2438 164 2494 gatis,
187 2438 429 2479 defendatis
455 2437 694 2489 efficaciter,
716 2439 935 2493 sapienter
967 2439 1185 2491 erudiatis,
1215 2441 1436 2495 corrigatis

40 2506 319 2555 moderanter,
370 2506 563 2547 suaviter
609 2505 804 2558 foveatis,
854 2507 1147 2562 promoveatis
1190 2508 1435 2563 diligenter,

43 2573 238 2629 vigenter
259 2574 447 2625 elevetis,
471 2573 704 2615 stabiliatis
736 2578 1048 2629 permanenter.
1112 2575 1280 2630 Nempe
1311 2582 1438 2630 super

45 2655 187 2682 omnes
233 2641 516 2683 sanctissimae
548 2642 707 2683 ditioni
737 2645 893 2684 vestrae
925 2642 1139 2696 subjectos
1170 2643 1217 2683 in
1258 2643 1341 2683 illis
1373 2643 1437 2683 in-

46 2707 294 2750 dubitanter
325 2709 572 2765 agnoscitur
603 2709 742 2750 divini
775 2710 915 2750 cultus
946 2710 1203 2759 sanctitudo,
1226 2710 1437 2751 fortitudo

46 2775 145 2817 fidei
188 2777 434 2825 Catholicae,
483 2778 593 2818 sedis
625 2777 884 2832 Apostolicae
917 2777 1103 2826 devotio,
1146 2781 1190 2818 et
1231 2778 1439 2832 prompti—

8 2902 9 2906 *
46 2843 152 2885 tudo
186 2845 386 2886 salutaris
429 2845 695 2889 obedientiae.
758 2844 850 2886 Nec
883 2844 1055 2888 silentio
1088 2844 1438 2900 praetereundum
