1905 3180
16 1169 17 1180 ¹
77 1159 304 1201 teritorum
336 1159 603 1214 experientia
624 1160 754 1200 fidem
776 1159 908 1201 faciat
939 1160 1219 1201 futurorum.
1249 1193 1257 1201 .
1290 1191 1300 1200 .
1334 1193 1342 1201 .

662 237 897 268 EPISTOLAE.
1386 229 1475 275 407

76 352 143 394 bis
182 351 333 406 plenus
373 351 679 401 sacerdotibus,
711 352 789 393 vix
829 352 1053 394 invenitur
1083 352 1249 408 aliquis,
1292 352 1368 408 qui
1403 354 1474 395 vel
1492 359 1697 402 Clergyman

74 418 359 461 tolerabiliter
404 418 585 460 idoneus
636 419 798 460 censeri
838 420 984 461 valeat
1035 420 1091 460 ad
1152 421 1369 476 agendum
1413 421 1474 462 of·
1490 404 1626 479 ἓξὲξ]
1642 448 1681 478 of

76 486 222 528 ficium
255 486 498 528 sacerdotis
561 486 705 527 Tanta
741 486 956 541 siquidem
993 490 1058 528 est
1090 487 1224 528 moles
1260 488 1473 530 malorum
1490 492 1697 533 Kemesyng.

76 552 407 595 novissimorum
458 553 626 594 dierum
676 553 1049 608 periculosissimis
1099 555 1381 609 temporibus,
1428 559 1473 597 et
1491 536 1687 611 {Zfflssl-two

73 619 390 676 inexplicabilis
419 620 668 662 defectuum
703 620 902 670 varietas,
932 621 1089 675 quibus
1122 621 1222 662 hinc
1258 623 1477 664 obsistunt
1494 632 1639 665 persons.

77 687 316 730 sanctiones
347 687 620 743 evangelicae,
652 687 773 728 illinc
794 688 1118 729 contrariantur
1139 689 1357 730 canonicae
1388 694 1478 730 tra-

78 754 272 797 ditiones.
350 754 560 796 Subsistit
593 758 743 796 tamen
784 769 892 797 meae
923 755 1202 810 cogitationis
1234 755 1477 810 disquisitio

76 823 122 864 in
142 822 309 863 duabus
339 823 545 877 personis,
580 836 763 877 quarum
794 836 896 872 una,
930 822 1090 863 dicitur
1120 822 1336 878 magister.
1370 856 1378 865 .
1412 857 1420 864 .
1454 823 1479 865 ‚¹

74 889 350 931 laudabiliter
368 889 554 945 fungens
585 890 822 931 sacerdotio
849 893 894 931 et
922 890 1237 945 multiplicibus
1266 889 1478 931 sufficien-

77 957 237 999 tiarum
267 957 409 999 titulis
439 957 706 1012 insignitus3
738 957 849 998 alter
883 972 986 998 vero
1018 961 1084 998 est
1114 957 1319 1013 magister
1349 989 1358 998 .
1391 990 1399 998 .
1432 992 1439 999 .
1464 956 1477 980 ¹

76 1024 199 1067 vobis
229 1038 318 1066 non
348 1024 628 1080 incognitus3
670 1025 722 1066 de
753 1039 851 1079 quo,
884 1025 921 1065 si
947 1025 1004 1065 ad
1034 1024 1219 1080 gradum
1251 1025 1480 1066 sacerdotii

74 1091 226 1133 fuisset
255 1095 488 1147 promotus,
523 1094 737 1147 quantum
770 1092 826 1133 ad
856 1093 1050 1148 regimen
1092 1093 1335 1133 animarum
1372 1107 1482 1148 prae-

1345 1158 1362 1182 2

116 1226 271 1268 Valeat
292 1227 495 1269 amicitiae
516 1232 672 1269 vestrae
704 1226 891 1268 fidelitas
922 1227 969 1267 in
1003 1226 1190 1279 Christo,
1223 1229 1300 1268 etc.

668 1515 903 1559 CCXLIV.

137 1651 299 1694 Fratri
337 1650 524 1695 chm'no
557 1649 609 1692 (Ze
640 1649 841 1692 Haswezl
878 1649 1041 1692 Frater
1071 1648 1181 1691 AcZa
1218 1648 1421 1691 salutem.

142 1786 406 1829 Laetificaret
437 1799 516 1835 me,
551 1784 612 1825 mi
649 1784 804 1825 dilecte
837 1783 890 1825 de
922 1786 1045 1825 statu
1073 1785 1221 1825 vestro
1247 1783 1377 1825 laetus
1409 1797 1486 1824 au-
1503 1795 1673 1830 Desiresa

87 1854 216 1904 ditus,
249 1869 388 1909 quem,
433 1867 518 1902 oro,
564 1855 821 1908 promoveat
865 1865 1052 1906 superna
1102 1850 1386 1891 manuductio
1434 1850 1486 1891 de
1504 1839 1689 1924 ἓῗξζῦἓὲο-

29 1969 31 1974 ,
83 1921 248 1963 Virtute
274 1922 321 1962 in
346 1921 571 1969 virtutem,
595 1933 818 1975 quousque
839 1918 1045 1959 videatur
1066 1918 1186 1958 Deus
1216 1917 1411 1959 Deorum
1440 1917 1487 1957 in
1507 1929 1606 1961 sition
1622 1936 1665 1976 ⁰¹?

84 1988 202 2031 Sion.
266 1988 395 2040 Quid,
418 2002 534 2044 rogo,
559 1987 691 2031 faciet
719 1987 920 2041 ingenuae
949 1986 1109 2027 mentis
1138 1985 1326 2036 devotiO,
1358 1999 1488 2039 quam
1506 1971 1696 2057 ‘Vlffyffitgfoe

28 2076 29 2079 ¹
83 2056 356 2098 commendat
386 2055 633 2111 insigniter,
668 2057 713 2095 et
743 2053 909 2109 vigoris
943 2052 1141 2102 efficacia,
1185 2056 1229 2093 et
1260 2052 1482 2093 industria
1505 2059 1637 2101 Virgin.

30 2156 31 2159 η
88 2137 247 2174 sensus,
293 2127 338 2165 et
370 2123 454 2164 zeli
474 2122 703 2173 vivacitas,
736 2121 772 2162 si
803 2135 893 2161 non
918 2121 1018 2176 jugi
1050 2122 1223 2175 satagat
1254 2119 1490 2175 vigilantia

30 2185 35 2217 ¹⁴
85 2190 258 2232 beatam
298 2191 418 2232 illam
459 2191 507 2231 in
559 2204 691 2244 quam
733 2188 979 2243 conjuravit
1020 2187 1342 2243 professionem,
1388 2200 1486 2227 cum

32 2270 36 2298 ς
85 2258 322 2310 animabus,
357 2272 463 2313 quas
488 2257 660 2299 coeleste
691 2255 912 2297 fervefecit
943 2255 1218 2306 desiderium,
1244 2257 1289 2295 et
1319 2268 1486 2309 puram,

35 2329 37 2351 ⁸
88 2328 133 2367 et
153 2325 321 2378 claram,
345 2329 389 2367 et
410 2328 617 2376 sanctam,
641 2324 697 2365 ad
718 2323 971 2364 deiformem
993 2322 1206 2378 originem
1227 2321 1491 2363 reformare?

34 2426 37 2442 ,Ἴ
92 2391 157 2434 Ut
198 2393 303 2448 quid
345 2407 522 2435 conarer
561 2391 844 2448 persuasoriis
885 2390 942 2432 ad
977 2404 1232 2446 persuasum
1275 2388 1490 2430 divinitus

92 2458 322 2502 affectum?
355 2460 552 2502 Sufficiat
582 2473 700 2501 nunc
730 2457 986 2514 praestitisse
1017 2457 1185 2512 peritiae
1214 2456 1394 2512 pietatis
1425 2469 1493 2497 oc-

89 2526 312 2571 casionem.
374 2527 531 2569 Valeat
562 2526 853 2582 benignitatis
883 2528 1041 2568 vestrae
1073 2525 1258 2576 dilectio,
1292 2527 1370 2566 etc.

139 2739 274 2772 ¹Blank
289 2741 326 2772 in
341 2742 397 2774 the
413 2742 490 2775 MS.
818 2742 877 2773 but
914 2740 1053 2773 without
1091 2750 1159 2782 any
1197 2739 1306 2773 notice
1359 2738 1394 2771 in
1435 2738 1491 2771 the

137 2792 150 2811 ²
166 2791 237 2824 The
254 2797 405 2826 sentence
429 2794 458 2827 is
480 2794 540 2827 left
564 2793 762 2832 unfinished‚
818 2792 892 2825 MS.
