1905 3180
247 867 335 900 A.D.

219 914 377 943 1225-50.

191 955 344 988 Account
357 957 395 987 of

190 1000 244 1030 the
259 1000 376 1032 Minis-

191 1048 256 1074 ters
275 1044 383 1076 Gene-

190 1088 238 1118 ral
251 1088 289 1118 of
305 1089 360 1120 the

191 1131 307 1164 Order.

281 1180 307 1208 l.

191 1219 246 1250 Fr.
266 1220 393 1254 Helias.

190 1264 279 1296 A.D.
302 1269 394 1299 1227.

277 1313 294 1331 6)

188 1351 243 1383 Fr.
258 1353 386 1385 Johan-

189 1406 247 1428 nes
258 1397 393 1431 Parens.

186 1856 274 1888 A.D.
298 1860 389 1890 1230.

421 252 475 290 Η
835 257 1016 291 THoMAs
1049 261 1109 291 DE
1142 261 1405 292 ECCLESTON.

935 589 1165 631 COLLATIO
1199 589 1304 630 XII.

563 757 628 800 De
658 757 946 802 &occassione
978 757 1031 800 M
1035 757 1310 801 {nise-orum
1343 756 1671 802 Generalium.¹

478 896 650 938 Primus
682 899 828 938 autem
860 895 1060 938 minister
1091 896 1304 952 generalis
1334 899 1434 952 post
1467 895 1513 938 B.
1542 896 1578 938 F
1580 896 1820 938 ranciscum

416 965 502 1006 fuit
544 965 698 1006 Frater
728 964 891 1016 Helias,
925 964 999 1019 qui
1040 964 1184 1006 fuerat
1225 965 1410 1020 scriptor
1452 965 1669 1007 Bononiae.
1738 965 1822 1007 Cui

416 1033 619 1074 successit
662 1033 816 1074 Frater
852 1033 881 1074 J
885 1033 1076 1074 ohannes
1108 1033 1271 1074 Parens
1302 1033 1354 1074 de
1387 1032 1422 1073 F
1425 1032 1641 1085 lorentia,2
1671 1032 1822 1074 minis-

415 1103 483 1142 ter
536 1101 777 1157 Hispaniae,
820 1101 889 1141 vir
940 1101 1111 1157 sapiens
1162 1104 1206 1142 et
1256 1100 1495 1156 religiosus,
1561 1104 1606 1142 et
1662 1101 1820 1142 summi

415 1169 579 1224 rigoris.
664 1169 760 1220 Quo
811 1183 888 1225 per
934 1169 1127 1211 fautores
1182 1169 1351 1210 Fratris
1406 1168 1550 1210 Heliae
1607 1168 1820 1220 absoluto,

414 1236 573 1277 iterum
606 1237 745 1278 factus
772 1241 837 1278 est
870 1237 1095 1278 Generalis
1125 1237 1280 1278 Frater
1315 1236 1479 1278 Helias.
1543 1237 1598 1278 In
1628 1236 1819 1292 capitulo

414 1304 643 1359 siquidem,
681 1304 729 1345 in
770 1319 855 1359 quo
886 1304 1003 1346 facta
1033 1308 1100 1346 est
1133 1305 1364 1347 translatio
1399 1305 1550 1347 Sancti
1586 1304 1817 1357 Francisci,

413 1372 647 1414 voluerunt
689 1372 772 1428 ipsi
818 1387 926 1427 quos
974 1373 1029 1413 ad
1077 1373 1315 1429 capitulum
1360 1376 1627 1415 concesserat
1668 1373 1818 1415 venire

415 1440 568 1482 Frater
602 1440 782 1492 Helias;
826 1455 927 1482 nam
963 1455 1110 1482 omnes
1154 1441 1363 1483 concessit
1404 1441 1507 1483 illuc
1548 1441 1698 1483 venire
1741 1441 1816 1496 qui

412 1509 578 1550 vellent
634 1511 784 1550 contra
843 1509 1066 1550 ministros
1122 1509 1409 1564 provinciales
1471 1508 1614 1565 ipsum
1667 1509 1816 1551 secisse

414 1576 678 1618 Generalexn.
734 1575 865 1618 Unde
894 1579 939 1617 ot
963 1580 1184 1632 acceptum
1215 1592 1240 1618 a
1277 1577 1384 1618 cella
1416 1592 1494 1618 sua
1524 1579 1816 1633 portaverunt

412 1659 509 1686 cum
552 1644 753 1686 inanibus
787 1645 842 1685 ad
884 1644 1045 1685 ostium
1077 1644 1270 1700 capituli,
1304 1648 1348 1686 et
1380 1645 1516 1686 fracto
1550 1645 1660 1686 ostio
1692 1645 1815 1686 volu-

411 1716 540 1753 erunt
574 1727 672 1754 eum
709 1712 914 1754 collocare
948 1712 995 1753 in
1036 1712 1127 1753 loco
1169 1712 1361 1753 ministri
1399 1713 1620 1768 generalis.
1687 1713 1815 1764 Quod

410 1780 563 1821 videns
598 1780 821 1822 Generalis
865 1780 1018 1821 Frater
1059 1780 1088 1820 J
1094 1780 1284 1821 ohannes
1318 1795 1460 1822 coram
1494 1783 1590 1822 toto
1622 1780 1814 1837 capitulo

409 1862 452 1889 se
485 1848 695 1898 nudavit3
740 1851 784 1889 et
818 1847 878 1889 sic
910 1848 1083 1889 demum
1112 1848 1278 1889 confusi
1310 1852 1408 1904 pest
1447 1848 1684 1889 maximam
1723 1853 1814 1891 tur—

409 1914 629 1958 bationem
672 1919 957 1957 cessaverunt.
1032 1916 1149 1957 Nam
1195 1930 1273 1958 nec
1320 1917 1530 1958 Sanctum
1565 1917 1811 1958 Antonium

408 1985 557 2025 audire
594 1984 836 2033 voluerunt,
871 1998 948 2025 nec
980 1983 1169 2038 aliquem
1201 1984 1449 2025 ministrum
1492 1984 1810 2040 provincialem.

410 2051 608 2093 Credidit
629 2055 777 2094 autem
803 2051 987 2108 populus
1014 2051 1129 2107 quod
1155 2055 1266 2094 esset
1291 2052 1506 2094 discordia
1531 2053 1633 2108 quia
1658 2067 1812 2108 corpus

410 2120 561 2161 Sancti
595 2119 824 2169 Francisei,
862 2120 996 2161 tertia
1030 2120 1099 2161 die
1131 2123 1366 2176 antequam
1399 2121 1555 2162 fratres
1589 2119 1812 2163 convenis-

408 2191 516 2238 sent,
550 2188 815 2229 translatum
848 2191 950 2229 erat.
1031 2187 1258 2243 Quinque³
1301 2203 1403 2230 vero
1438 2188 1599 2230 milites
1634 2189 1807 2240 novicii,

409 2255 483 2309 qui
509 2256 713 2296 sederunt
741 2255 789 2296 in
820 2255 1011 2311 capitulo
1041 2259 1086 2297 et
1115 2256 1262 2297 onmia
1289 2256 1507 2307 viderunt,
1532 2256 1684 2297 flentes
1712 2257 1810 2298 dix-

408 2326 538 2364 erunt
575 2324 691 2377 quod
734 2327 757 2344 “
778 2324 834 2365 ad
864 2338 1072 2379 magnum
1113 2323 1278 2365 bonum
1316 2324 1494 2365 Ordinis
1534 2323 1808 2380 proveniret⁴

409 2394 431 2411 ‘⁶
464 2390 539 2431 illa
577 2390 782 2442 turbatio,
827 2391 930 2446 quia
968 2391 1085 2433 Ordo
1128 2392 1297 2432 nullum
1329 2394 1474 2447 posset
1507 2392 1806 2433 inordinatum

408 2461 430 2478 ‘³
463 2457 646 2499 tenere.''
733 2459 793 2500 Et
834 2459 894 2500 sic
931 2458 1088 2501 accidit
1131 2459 1246 2514 quod
1278 2473 1425 2500 omnes
1456 2459 1521 2501 illi
1558 2459 1805 2501 turbatores

405 2526 460 2566 ad
493 2526 704 2582 agendam
737 2526 1023 2583 penitentiam
1052 2526 1154 2584 per5
1185 2527 1379 2569 diversas
1409 2526 1654 2583 provincias
1686 2527 1804 2569 missi

406 2597 519 2635 sunt.

449 2778 457 2797 ¹
489 2777 626 2809 Collum-'0
643 2777 735 2810 tcrle'n
753 2777 871 2810 ‹Iwz'ma
896 2778 933 2811 de
956 2789 1078 2811 succes-
1170 2778 1182 2797 3
1210 2779 1366 2818 Quattmr,
1384 2777 1484 2812 Ebolu

403 2831 490 2861 simne
507 2831 717 2862 miuz‘slmrwn
733 2831 935 2873 yeneraliam,
960 2832 1046 2864 Cott.
1169 2832 1179 2849 ⁴¹
1199 2831 1390 2873 perveniret,
1408 2833 1508 2863 Ebora

448 2882 460 2901 '²
484 2882 521 2914 dc
539 2882 637 2921 Flor„
663 2893 725 2915 om.
745 2885 844 2916 libor.
1169 2885 1180 2902 ⁵
1205 2885 1245 2921 ιἠ,
1271 2884 1368 2916 Ekor.
