1905 3180
650 280 886 310 EPIST‹‘›LAE.
1380 276 1405 314 4<
1420 277 1462 315 23

71 402 303 443 auctoritas
336 402 486 444 edocet
519 402 758 457 Evangelii,
784 403 1031 444 inevitabili
1064 404 1334 448 districtione
1356 422 1464 462 prm-

69 468 229 523 cipiens
266 473 316 510 ut
359 470 393 511 is
436 470 742 511 tantummodo
772 471 997 524 pascendis
1046 472 1200 513 ovibus
1237 474 1463 516 dominicis

66 537 306 590 praesideat,
341 538 415 593 qui
447 538 713 578 indeficienti
744 538 826 592 pia}
858 538 1160 579 sollicitudinis
1191 542 1462 591 strenuitate,

67 605 215 647 divino
237 620 312 661 per
334 607 480 647 omnia
514 606 649 646 fretus
683 606 936 659 patrociniO,
969 608 1143 661 satagit,
1167 609 1377 662 primitus,
1412 614 1463 650 ut

66 676 213 727 pastor
234 674 458 728 pascendis
489 673 643 715 ovibus
673 672 785 713 ovile
812 673 1074 714 dominicum
1091 688 1192 714 -non
1221 676 1357 716 intret
1379 677 1462 716 nisi

64 753 140 795 per
161 742 319 783 ostium
341 758 349 793 3
382 741 580 792 secundo,
602 744 653 781 ut
674 740 868 795 proprias
896 744 1024 782 vocet
1045 755 1146 782 oves
1175 743 1433 784 nominatim
1453 760 1461 794 ;

64 809 207 860 tertio,
254 813 305 850 ut
345 810 519 850 emittat
563 823 633 849 eas
665 808 721 848 ad
753 822 939 862 pascuag
973 812 1141 862 quartO,
1176 812 1225 849 ut
1258 814 1359 851 ante
1393 826 1462 852 eas

63 876 225 927 vadat3
268 877 432 931 quinto,
475 879 526 917 ut
567 890 714 916 vocem
757 874 847 930 ejus
890 875 1032 916 audiri
1074 876 1128 916 ab
1176 877 1235 916 eis
1278 877 1433 918 efficiat
1453 895 1461 929 3

61 946 194 993 sexto,
227 948 277 985 ut
309 945 498 985 animam
520 958 642 984 suam
664 957 741 998 pro
768 943 852 983 illis
884 947 1029 996 ponat.
1095 946 1128 984 1.
1163 944 1279 994 Quid
1301 950 1366 986 est
1388 961 1461 987 au-

60 1013 148 1052 tem
179 1011 343 1053 intrare
374 1026 450 1067 per
481 1011 640 1052 ostium
672 1009 757 1051 nisi
788 1024 864 1065 per
897 1010 1120 1051 Christum
1149 1012 1340 1063 introire,
1370 1014 1461 1068 ipso

61 1079 240 1130 dicente,
266 1083 285 1100 ‘⁵
305 1079 397 1134 Ego
420 1093 515 1119 sum
537 1078 695 1119 ostium
716 1076 750 1128 ;'’
784 1078 899 1131 quod
921 1081 986 1118 est
1007 1078 1052 1118 in
1074 1078 1260 1120 introitu
1284 1079 1460 1122 Christo

59 1146 315 1187 conformari
356 1147 402 1186 in
433 1146 531 1186 miti
573 1145 832 1193 humilitate,
868 1146 913 1185 in
945 1146 1068 1186 tenui
1109 1151 1379 1201 paupertate,
1414 1149 1459 1188 in

59 1214 239 1255 salutari
261 1214 495 1255 acerbitate
513 1217 527 1255 Ζ
565 1215 599 1253 2.
621 1212 735 1263 Quid
757 1227 858 1253 vero
881 1216 946 1253 est
967 1214 1160 1267 prom-ias
1183 1228 1284 1255 oves
1306 1230 1459 1256 vocare

0 1295 1 1334 j
58 1282 326 1330 nominatim,
356 1281 441 1322 nisi
475 1280 668 1335 singulos
701 1280 973 1320 subditorum
1005 1295 1082 1335 per
1112 1285 1258 1322 motus
1283 1296 1458 1324 suarum

57 1349 346 1399 affecti-onum,
369 1363 445 1404 per
466 1348 613 1389 studia
635 1362 811 1388 suarum
836 1348 1180 1402 occupationum,
1203 1364 1279 1403 per
1301 1350 1457 1391 discre-

0 1405 1 1448 l
56 1417 226 1472 pantias
260 1431 434 1458 suarum
470 1417 758 1466 fortunarum,
798 1430 896 1456 cum
930 1415 1121 1470 benigno
1156 1416 1460 1459 subventionis

0 1523 1 1543 ἦ
57 1483 267 1525 desiderio
302 1484 549 1525 distinctius
587 1483 841 1538 designare?
895 1485 930 1523 3.
966 1482 1082 1533 Quid
1117 1484 1249 1524 etiam
1282 1488 1346 1525 est
1388 1500 1459 1526 eas

0 1559 1 1605 ἢ
55 1552 252 1593 emittere
283 1552 339 1593 ad
370 1566 540 1607 pascua,
563 1551 647 1592 nisi
681 1551 733 1591 de
768 1550 1011 1591 excessibus
1041 1550 1188 1605 culpae,
1220 1551 1272 1592 de
1303 1554 1457 1593 errori-

0 1607 1 1675 }
53 1619 132 1660 bus
164 1620 434 1675 ignorantiae,
459 1620 511 1660 de
544 1618 782 1660 defectibus
814 1618 1096 1673 impotentiae,
1120 1619 1233 1673 ipsas
1265 1634 1341 1674 per
1372 1621 1453 1675 pize

0 1680 1 1713 l
53 1687 351 1728 sollicitudinis
383 1687 646 1741 adjutorium
686 1686 897 1726 vitalibus
941 1686 1192 1727 reficiendas
1233 1688 1452 1729 alimentis

0 1798 1 1809 γ
53 1755 253 1796 educere?
315 1757 351 1796 4.
386 1754 502 1805 Quid
536 1758 600 1795 est
632 1754 808 1809 insuper
841 1757 942 1794 ante
976 1768 1046 1794 eas
1080 1754 1150 1802 ire,
1186 1755 1269 1795 nisi
1301 1771 1327 1796 a
1357 1771 1450 1810 pos-

51 1822 278 1863 terioribus
312 1822 368 1863 ad
413 1822 629 1863 anteriora
674 1821 1000 1876 praecedentem,
1050 1821 1201 1870 sobrie,
1235 1826 1278 1863 et
1317 1823 1447 1877 juste,

50 1892 93 1930 et
145 1890 213 1945 pie
264 1890 465 1941 vivendo,
518 1890 659 1930 sobrie
711 1904 786 1944 per
848 1889 1113 1943 pudiciorem
1171 1890 1445 1939 munditiam,

0 1961 1 1979 ³
43 1957 160 2012 juste
205 1973 280 2014 per
327 1958 669 1999 innocentiorem
720 1956 1082 2003 benevolentiam,
1136 1957 1204 2011 pie
1257 1972 1332 2012 per
1376 1959 1447 2000 de-

49 2026 260 2067 votiorem
303 2025 646 2076 sanctimoniam,
684 2024 787 2079 ipsis
831 2038 873 2064 sc
915 2024 1180 2065 imitandum
1212 2026 1446 2069 exhibere?

51 2095 85 2133 5.
112 2093 227 2144 Quid
256 2097 320 2134 est
354 2092 532 2134 auteml
566 2096 617 2134 ut
650 2107 797 2133 vocem
827 2092 916 2146 ejus
949 2091 1134 2132 audiant
1166 2092 1338 2144 efficere,
1362 2095 1445 2135 nisi

48 2161 102 2201 ad
133 2161 211 2203 hoc
248 2161 363 2202 idem
405 2164 449 2202 et
485 2160 569 2201 Dei
600 2160 898 2215 patrocinium,
943 2162 986 2200 et
1027 2159 1295 2215 Angelorum
1337 2177 1444 2216 prie-

47 2229 214 2278 sidium,
258 2233 301 2270 et
351 2228 610 2270 Sanctorum
652 2227 919 2282 suffragium,
953 2241 1029 2282 per
1060 2227 1318 2269 indefessam
1351 2244 1444 2271 ora-

47 2296 176 2338 tionis
208 2297 410 2352 piissimae
449 2296 686 2350 jugitatem
728 2296 831 2350 ipsis
863 2295 1087 2336 obtinere?
1150 2298 1184 2337 (5.
1220 2296 1335 2346 Quid
1377 2302 1442 2339 est

46 2363 226 2419 denique
264 2365 453 2405 animam
495 2378 617 2405 suam
659 2378 735 2418 pro
778 2363 862 2403 illis
890 2377 1060 2418 ponere,
1081 2363 1164 2403 nisi
1196 2378 1274 2418 per
1305 2365 1442 2406 carnis

45 2433 432 2481 mortificationem,
502 2447 578 2487 per
640 2431 819 2486 spiritus
879 2431 1301 2477 contribulationem,
1367 2448 1442 2487 per

45 2498 273 2541 libidinum
320 2500 639 2541 abdicationem
691 2499 916 2554 praesentis
967 2499 1073 2539 vstae
1118 2499 1440 2553 jucunditatem

45 2566 146 2622 ipsis
202 2568 472 2608 vivificandis
543 2568 589 2608 in
651 2581 694 2608 se
738 2567 911 2622 penitus
974 2566 1234 2615 interimere,
1297 2568 1439 2622 sicque

45 2635 227 2689 seipsum
270 2650 346 2690 pro
383 2636 442 2676 eis
480 2635 670 2676 hostiam
706 2635 867 2685 vivam,
903 2638 1107 2682 sanctam,
1142 2634 1235 2675 Deo
1267 2635 1439 2689 placen-

46 2701 161 2751 tem,2
211 2706 537 2757 perseveranter
582 2702 827 2743 immolare?
891 2701 1060 2756 Quippe
1106 2702 1222 2755 quod
1262 2702 1438 2757 insuper

89 2857 97 2876 ¹
121 2858 233 2896 adhue,
250 2859 288 2890 B.
750 2857 756 2901 Ι
820 2860 831 2876 ’-’
848 2857 920 2887 Dm
934 2856 1118 2897 placeulen.²‚
1135 2866 1197 2888 om.
1216 2857 1254 2887 B.
