1905 3180
451 242 532 282 162
939 249 1044 281 AnAE
1078 252 1138 282 DE
1169 251 1363 283 MARIsco

445 373 465 389 “
500 367 693 408 Dabitur
741 366 855 407 enim
898 366 1022 407 vobis
1071 368 1117 407 in
1163 367 1239 407 illa
1288 368 1394 409 hora
1441 368 1546 423 quid
1587 367 1839 423 loquamini.

444 440 464 457 “
497 435 599 476 Non
628 435 743 475 enim
775 449 852 475 vos
878 434 981 475 estis
1012 435 1086 489 qui
1113 435 1343 489 loquimini
1372 436 1447 477 sed
1479 436 1671 491 Spiritus
1700 436 1842 477 Patris

445 509 464 524 “
499 504 633 545 vestri
676 502 753 557 qui
805 502 1001 557 loquitur
1042 503 1088 543 in
1135 502 1296 545 vobis?
1359 504 1444 545 Sed
1478 504 1612 558 quid?
1670 504 1725 544 In
1762 504 1843 545 hac

440 574 563 627 parte
611 584 751 626 operae
793 571 981 626 pretium
1016 570 1105 612 fore
1147 586 1370 626 nunquam
1415 571 1654 628 ambigitur
1705 572 1843 627 inagis

439 640 578 695 pietas
631 640 840 680 orationis
902 654 1031 694 quam
1083 639 1243 694 peritia
1289 639 1501 681 dictionis.
1575 640 1673 682 Scio
1725 640 1842 695 quod

439 710 600 749 sanotae
658 707 960 754 recordationi,
1017 707 1129 749 sicut
1171 722 1336 748 summe
1391 722 1498 763 opus
1550 711 1626 756 est,
1680 708 1842 750 excidit

439 790 715 831 nequaquam
778 776 887 816 illud
945 776 1189 831 evangelice
1250 775 1418 831 jugiter
1479 775 1839 831 amplectendum,

439 844 662 885 deridetur
709 844 819 899 justi
882 843 1145 899 simplicitas,
1199 843 1365 900 lampas
1422 846 1674 899 contempta
1725 844 1842 899 apud

438 912 723 967 cogitationes
776 912 976 953 divitum.
1041 911 1254 955 “Sufficit
1307 912 1422 953 enim
1470 911 1679 967 discipulo
1710 910 1747 953 si
1783 912 1842 953 sit

440 985 461 1002 ‘⁸'
493 980 606 1021 sicut
681 981 898 1035 magister,
964 983 1008 1021 et
1082 995 1204 1022 servo
1267 981 1379 1022 sicut
1442 980 1644 1022 dominus
1713 979 1841 1034 ejus.''

439 1047 626 1100 Quanta}
668 1047 779 1089 foret
820 1048 1013 1103 perfidiae
1067 1048 1103 1089 si
1141 1048 1292 1089 divina
1333 1048 1587 1104 patrocinia,
1634 1048 1670 1089 si
1712 1063 1842 1104 ange-

435 1116 577 1158 lorum
619 1116 832 1172 przesidia,
877 1117 912 1158 si
962 1120 1209 1158 sanctorum
1252 1116 1483 1172 adjutoria,
1523 1117 1558 1158 si
1604 1116 1839 1158 electorum

435 1185 694 1240 precamina,
719 1199 889 1226 causam
920 1199 1041 1226 suam
1074 1185 1263 1226 fideliter
1294 1185 1524 1241 agentibus
1555 1199 1748 1240 unquam
1771 1185 1842 1226 de—

435 1252 524 1293 fore
566 1256 807 1308 putaretur.
892 1253 1014 1294 Licet
1056 1252 1177 1294 aliud
1219 1267 1418 1308 cuperem
1460 1255 1609 1293 tamen
1651 1252 1840 1293 sermoni

435 1321 566 1361 finem
592 1320 714 1368 facio,
739 1334 866 1361 orans
897 1323 948 1361 ut
970 1320 1095 1362 valeo
1129 1321 1268 1361 omnis
1301 1319 1687 1362 consummationis
1708 1320 1837 1362 finem

435 1389 490 1429 ad
532 1389 598 1429 sui
630 1388 813 1443 gloriam
852 1392 896 1429 ct
930 1388 1117 1430 0001031ῖο
1149 1389 1333 1429 salutem
1365 1388 1574 1430 hactenus
1605 1388 1841 1443 inattemp-

434 1460 576 1497 tatum
607 1456 732 1497 finire
766 1459 996 1497 certamen.
1063 1456 1262 1507 Qualiter
1292 1457 1471 1497 audebit
1498 1456 1595 1511 pius
1627 1456 1837 1511 pontifeX,

435 1539 562 1579 quem
605 1524 754 1564 divina
803 1524 1058 1565 sublimavit
1111 1524 1273 1573 electiO,
1329 1527 1372 1565 et
1425 1538 1612 1580 superna
1658 1524 1838 1566 directio

434 1607 524 1633 non
564 1592 767 1639 deseruit,
801 1592 924 1646 quasi
957 1592 1036 1633 sub
1075 1593 1213 1647 specie
1252 1592 1460 1634 consultae
1503 1591 1680 1647 pietatis
1721 1607 1839 1648 gras-

434 1660 631 1701 santibus
661 1659 985 1701 daemonialium
1016 1660 1326 1701 crudelitatum
1353 1660 1667 1715 impietatibus,
1698 1660 1839 1701 deser-

437 1731 529 1768 tum
578 1727 640 1782 pii
695 1727 935 1768 salvatoris
983 1742 1169 1783 gregem,
1223 1728 1340 1782 quod
1391 1728 1517 1778 absit,
1571 1728 1839 1770 {eternaliter

435 1809 653 1850 exponere
669 1796 684 1835 ’ἓ

494 1863 731 1918 Postquam
783 1863 906 1904 vobis
960 1863 1015 1904 ad
1083 1864 1295 1905 eximium
1350 1878 1456 1920 opus
1512 1864 1595 1906 Dei
1647 1864 1837 1920 proficis-

433 1930 643 1978 centibus,
687 1930 872 1985 peccatis
925 1931 1031 1972 meis
1083 1935 1134 1973 ut
1185 1946 1336 1973 vereor
1393 1932 1682 1988 exigentibus,
1735 1932 1837 1974 licet

425 1999 546 2053 justo
588 2013 772 2040 moerore
815 1998 1032 2040 confectus
1076 2000 1122 2040 in
1164 2000 1328 2056 Anglia
1369 2015 1463 2042 sum
1498 2000 1702 2042 detentus
1739 2015 1836 2042 cum

431 2067 673 2108 Venerabili
720 2070 845 2121 patre
888 2067 1064 2109 domino
1109 2067 1425 2118 Cantuariensi,
1468 2069 1607 2124 primo
1659 2069 1706 2110 in
1747 2084 1835 2120 sua,

433 2135 588 2175 deinde
630 2135 677 2175 in
712 2135 905 2176 Roffensi
938 2135 1095 2177 diocesi
1127 2136 1396 2178 visitationis
1438 2136 1626 2179 officium
1667 2141 1835 2193 agente,

432 2202 667 2243 secundum
706 2203 823 2257 quod
859 2204 1105 2245 modicitati
1127 2219 1233 2247 meae
1265 2205 1409 2247 visum
1442 2207 1508 2246 est
1543 2205 1835 2256 laudabiliter,

431 2273 563 2325 prout
596 2270 717 2310 valui
745 2270 884 2311 eidem
917 2271 963 2311 in
998 2275 1239 2313 memorato
1272 2272 1410 2314 officio
1444 2273 1578 2323 astiti,
1612 2287 1748 2328 usque
1780 2273 1836 2315 ad

430 2337 589 2379 festum
622 2337 906 2386 Pentecostes‚
930 2338 1088 2393 quibus
1121 2340 1260 2381 cordis
1291 2341 1504 2396 angustiis
1537 2344 1581 2383 et
1612 2341 1836 2383 laboribus

430 2405 618 2460 corporis
655 2405 869 2460 explicare
906 2420 995 2446 non
1030 2406 1190 2448 valens
1267 2407 1464 2462 Cumque
1501 2408 1556 2449 ad
1599 2408 1834 2451 Londoniae

431 2473 651 2514 ecclesiam
707 2473 941 2514 secundum
1000 2475 1225 2515 canonicas
1282 2475 1523 2516 sanctiones
1574 2475 1834 2518 visitaturus

430 2541 685 2591 accessisset,
725 2555 907 2595 persona
950 2541 1247 2583 Londonensis
1290 2543 1475 2598 episcopi
1512 2543 1694 2584 visitata
1731 2558 1834 2599 quo-

428 2609 572 2649 minus
603 2612 680 2649 aut
711 2609 950 2664 capitulum
983 2609 1265 2651 Londonense
1287 2613 1364 2651 aut
1396 2610 1572 2665 aliquod
1604 2611 1832 2667 collegium

428 2677 511 2717 sibi
546 2676 770 2717 subditum
793 2677 1006 2727 visitaret,
1035 2678 1258 2733 episcopus
1292 2678 1589 2720 Londonensis
1622 2693 1721 2720 cum
1755 2694 1832 2721 suo

429 2744 621 2799 capitulo
647 2748 691 2785 et
717 2744 977 2798 quibusdam
1005 2745 1101 2786 aliis
1130 2746 1185 2787 ad
1210 2747 1353 2788 sedem
1381 2746 1660 2802 apostolicam
1689 2747 1833 2803 appel-

428 2812 587 2854 larunt.
674 2811 791 2864 Quos
823 2812 1039 2864 videlicet,
1063 2816 1155 2856 tam
1187 2814 1432 2872 episcopum
1467 2829 1598 2872 quam
1633 2815 1831 2858 subditos
