1905 3180
206 1803 278 1839 The
294 1806 377 1838 diffi-

207 1853 297 1891 culty
313 1850 351 1881 of

207 1895 334 1935 finding
350 1904 369 1925 a

207 1938 343 1970 suitable

209 1983 311 2023 priest
325 1982 377 2012 for

209 2027 268 2058 her
280 2025 415 2058 service.

222 2465 283 2496 See
293 2464 394 2496 Gros-

219 2513 292 2541 tete.

421 227 511 270 296
889 231 993 262 ADAE
1026 230 1087 260 DE
1117 227 1312 260 MAmsco

410 352 513 392 Non
544 350 755 390 incassum
780 345 965 394 obsecro,
989 345 1166 399 propter
1188 341 1271 383 Dei
1293 340 1487 388 vulnera,
1510 337 1597 379 tela
1619 335 1804 378 coelestis

410 415 697 460 aemulationis
743 413 788 453 in
829 415 977 453 sancta
1013 410 1278 452 vibraverim
1322 406 1592 463 przecordia3
1638 403 1805 445 confido

411 485 534 540 quod,
560 482 803 523 Divinitate
825 479 1020 535 propitia,
1044 478 1097 519 de
1119 481 1273 519 caetero
1294 476 1467 531 penitus
1495 475 1539 515 in
1563 472 1807 528 neglectum

412 551 644 594 devenient
675 550 729 590 ob
762 548 953 590 studium
997 547 1190 587 honestae
1223 541 1514 585 maturitatis¹
1553 542 1683 582 luxus
1714 553 1808 594 pro-

411 620 544 661 fusior
565 621 742 660 ornatus
773 615 953 671 perituri
984 618 1075 655 tam
1097 613 1268 654 diutina
1288 614 1531 666 protractus
1544 609 1560 632 ‘²
1582 606 1808 663 imperitia.

414 689 670 744 Ignoscatur
712 683 829 734 mihi,
864 683 1049 733 obsecro,
1084 681 1186 735 quia
1228 679 1384 721 anxior
1426 676 1670 720 sollicitudo
1702 674 1810 716 cala-

413 770 532 796 mum
555 751 868 808 objurgationis
889 764 1060 805 asperae,
1076 749 1208 789 inimo
1229 746 1461 788 salutiferae
1483 744 1703 793 suasionis,
1722 756 1810 783 non

414 821 663 877 compescui,
710 833 806 860 culn
857 818 1050 873 ignorem
1096 820 1243 857 utrum
1291 815 1337 855 in
1379 828 1505 855 carne
1545 811 1705 854 morari
1749 810 1811 850 di-

414 891 578 931 vinitus
629 887 886 929 concedatur
937 898 1156 939 quousque
1209 882 1482 924 desiderabili
1532 878 1812 922 sublimitatis

414 961 568 999 vestrae
601 956 718 996 fruar
750 953 966 1007 colloquio.
1032 951 1244 1006 81166111ςο
1277 950 1503 1005 epistolam
1529 948 1600 990 vel
1632 946 1811 988 invitus.

416 1026 541 1066 Esset
585 1024 711 1074 enim,
745 1022 780 1063 si
824 1022 999 1062 daretur
1043 1018 1353 1074 opportunitas,
1388 1031 1515 1072 super
1559 1030 1689 1071 quam
1720 1015 1814 1070 plu-

416 1093 535 1133 rimis
566 1095 711 1133 tractu
742 1088 965 1145 prolixiori
996 1101 1133 1128 sermo
1166 1085 1500 1141 protendendus.

476 1161 632 1201 Valeat
675 1157 891 1200 carissima
936 1155 1139 1196 nobilitas
1183 1158 1338 1196 vestra.
1401 1152 1640 1207 Valeatque
1677 1163 1815 1192 comes

416 1228 604 1270 illustris.
658 1226 813 1267 Valeat
844 1228 888 1265 61
909 1224 1043 1265 vestri
1069 1222 1208 1278 proles
1241 1221 1410 1263 eximia.
1465 1219 1620 1261 Valeat
1648 1232 1817 1274 quoque

419 1297 551 1351 digna
594 1295 745 1336 domus
788 1296 933 1334 vestra
967 1291 1014 1331 in
1060 1290 1232 1333 Christo
1276 1303 1442 1344 semper
1484 1292 1528 1329 et
1569 1286 1819 1329 beatissima

422 1363 612 1419 Virgine.

1065 1512 1193 1556 CLX.

427 1642 617 1687 Idu-stri
639 1639 836 1684 (Zominoe
856 1638 925 1691 A„
953 1637 1201 1681 Oomz'stissae
1228 1635 1498 1692 Leycestrice,
1522 1636 1684 1678 Frater
1714 1635 1823 1678 Adeo

871 1706 1065 1749 salutem
1095 1705 1152 1747 in
1183 1703 1396 1747 Domino.

491 1802 644 1845 Melius
687 1800 812 1842 novit
855 1804 1010 1842 vestrae
1054 1798 1296 1841 serenitatis
1339 1796 1564 1848 industria,
1597 1811 1726 1852 quam
1770 1795 1827 1837 sit

431 1870 600 1912 difficile
651 1869 827 1911 unicum
878 1867 1071 1909 invenire
1124 1866 1398 1916 sacerdotem,
1452 1864 1590 1920 qualis
1651 1864 1826 1906 domino

432 1937 579 1980 comiti
638 1935 857 1991 vobisque,
912 1939 955 1976 et
1020 1934 1195 1976 familiae
1254 1936 1423 1985 vestrae,
1469 1932 1580 1974 foret
1640 1946 1829 1974 necessa-

434 2005 532 2047 rius.
604 2004 794 2045 Tantum
826 2003 941 2044 enim
972 2002 1074 2043 talis
1104 2000 1387 2057 requirendus
1416 2014 1504 2042 esse
1549 1999 1829 2056 cognoscitur,

436 2073 509 2127 qui
553 2073 609 2113 sit
654 2072 702 2112 in
732 2073 995 2112 sacramento
1040 2069 1199 2110 divinis
1235 2068 1429 2119 devotus,
1468 2071 1512 2109 et
1542 2071 1741 2109 strenuus
1783 2065 1831 2108 in

437 2140 584 2181 officiis
636 2137 935 2188 ecclesiasticis,
988 2138 1035 2178 111
1085 2137 1276 2178 moribus
1321 2136 1526 2177 honestus
1569 2138 1612 2176 et
1655 2135 1831 2177 circum-

438 2210 605 2261 spectus
636 2206 682 2246 in
713 2205 897 2260 agendis.
951 2204 1054 2245 Plus
1085 2208 1231 2246 autem
1263 2202 1438 2244 omnino
1469 2203 1699 2245 carendum
1741 2202 1831 2243 fore

438 2289 525 2315 11011
554 2273 705 2314 dubito
735 2272 908 2328 penitus
936 2272 1128 2314 ecclesias
1150 2271 1303 2312 talium
1330 2269 1554 2312 hominum
1580 2270 1830 2320 ministerio,

441 2355 569 2395 quam
599 2340 846 2394 hujusmodi
867 2344 1015 2394 pestes,
1041 2339 1197 2394 quales,
1233 2338 1342 2394 proh
1367 2337 1513 2379 dolor!
1547 2337 1832 2379 communiter

441 2408 638 2462 aspicitis,
684 2407 728 2447 in
781 2407 1060 2448 domesticum
1117 2406 1326 2461 suscipere
1373 2405 1713 2456 contubernium,
1758 2418 1835 2459 per

444 2489 548 2529 quos
592 2478 636 2515 et
678 2474 759 2515 Dei
804 2473 1007 2528 Majestas
1044 2477 1312 2529 provocatur,
1346 2476 1390 2514 et
1435 2472 1625 2513 violatur
1655 2471 1834 2513 societas

443 2541 679 2582 hominum.
731 2541 898 2595 Nempe
923 2544 1028 2582 tunc
1055 2541 1101 2581 in
1130 2541 1388 2582 immensum
1423 2539 1603 2580 fatuitas
1629 2553 1836 2594 pervaga-

444 2611 526 2657 tur,
559 2622 655 2649 cum
695 2611 868 2663 propter
908 2607 1192 2650 reverentiam
1223 2607 1384 2648 ordinis
1414 2607 1573 2648 stultus
1604 2607 1836 2648 ordinatur.

446 2675 627 2731 Propter
667 2676 746 2717 hoc
787 2690 874 2717 non
916 2676 1000 2716 nisi
1040 2690 1176 2717 unum
1221 2676 1267 2716 in
1313 2675 1392 2716 hac
1437 2678 1559 2730 parte
1611 2674 1834 2716 consilium

492 2834 497 2851 ¹
518 2832 581 2866 Sic.
628 2833 691 2874 Qy.
709 2832 943 2864 rmclcmilalis?
1146 2832 1152 2875 f
1218 2833 1230 2851 ²
1240 2835 1416 2874 promotus,
1433 2830 1506 2863 MS.
