1905 3180
434 275 517 315 422
919 282 1025 312 ΛΜ
1056 280 1118 311 DE
1148 278 1344 311 MARIsco

430 408 579 458 tiones,
623 405 887 461 perditiones
933 400 1136 461 plebium,
1179 404 1509 460 malignitatum
1556 402 1826 451 acerbitates,

429 474 674 516 ferocitates
722 473 1082 530 peremptionum,
1125 473 1318 514 sordium
1359 472 1692 527 inquinationes,
1735 471 1827 512 vio-

429 542 575 583 lentiae
609 541 922 597 praelationum,
952 541 1232 597 perfidiarum
1267 540 1517 597 pravitates,
1541 538 1827 582 vehementiae

430 609 703 659 seditionum,
726 610 1033 651 fraudulentiae
1056 609 1344 660 discidiomim,
1368 608 1651 650 schismatum
1672 621 1827 663 repug-

430 678 608 727 nantiae,
644 678 871 719 molimina
913 677 1224 734 proditionum.
1289 677 1362 719 Ita
1406 677 1523 733 quod
1570 690 1661 717 non
1701 675 1828 717 aliter

430 746 477 787 in
518 746 586 787 his
628 747 830 788 omnibus
877 760 1007 801 quam
1048 745 1459 788 formidandissimae
1509 747 1826 787 tormentorum

429 814 707 856 infernalium
739 814 971 856 vastitates
1008 814 1135 856 rebus
1167 814 1370 856 humanis
1400 813 1551 856 inferri
1583 812 1826 855 videantur.

1016 981 1121 1023 CAP.
1156 980 1244 1022 HI.

208 1096 352 1145 Thejoy
368 1102 406 1136 of
489 1092 600 1136 Cum
647 1093 796 1150 igitur7
836 1093 948 1135 sicut
989 1093 1070 1135 sub
1116 1093 1369 1150 compendio
1401 1093 1704 1150 praescriptum
1745 1095 1824 1146 est,

204 1148 400 1224 {ilegttigiieof
426 1162 535 1218 proh
567 1161 714 1203 dolor!
749 1162 840 1204 haec
867 1162 928 1203 sic
961 1176 1004 1204 se
1040 1161 1244 1212 habeant,
1278 1162 1375 1217 quis
1408 1162 1624 1204 aestimare
1660 1161 1827 1203 valebit

205 1236 260 1267 the
278 1247 349 1286 new
428 1229 604 1286 quantis
645 1230 1000 1272 benedictionum
1041 1231 1267 1286 praeconiis
1310 1231 1692 1286 superclementem
1733 1229 1828 1273 Sal-

205 1280 332 1321 ponuff.
427 1299 592 1340 vatoris
624 1298 923 1354 dignationem
951 1298 1202 1340 Catholicus
1234 1299 1350 1340 orbis
1377 1298 1475 1355 jugi
1502 1298 1659 1340 laetitia
1685 1311 1828 1354 prose-

427 1366 587 1422 quitur,
621 1366 707 1422 qui,
741 1367 852 1408 sicut
888 1370 954 1408 est
997 1367 1135 1417 hodie,
1169 1371 1319 1410 contra
1361 1368 1657 1423 perditionum
1699 1369 1827 1409 tanta

427 1435 688 1484 discrimina,
712 1435 767 1476 ad
788 1435 1022 1477 mundanae
1045 1435 1198 1477 salutis
1226 1436 1591 1486 reformationem,
1614 1435 1827 1477 vicarium

429 1502 606 1555 Christi,
646 1503 766 1545 Petri
809 1518 1103 1554 successorem,
1146 1504 1194 1545 in
1236 1505 1502 1560 Apostolicae
1544 1504 1655 1546 sedis
1707 1503 1827 1560 apice

427 1585 596 1613 summo
619 1571 874 1623 collocavit3
906 1572 1154 1628 pontificem
1179 1572 1395 1624 videlicet,
1426 1587 1555 1629 quem
1585 1571 1827 1629 magnificae

425 1640 668 1694 majestatis
700 1639 970 1691 excellentia,
997 1641 1244 1682 constantia
1274 1641 1548 1682 strenuitatis
1578 1640 1825 1696 impavidae,

425 1707 611 1749 sollertis
631 1707 861 1750 industriae
884 1709 1155 1759 disertitudQ
1179 1709 1422 1751 sollicitudo
1444 1708 1827 1765 circumspicientis

424 1775 693 1831 vigila11tiae‚-
726 1776 852 1818 fortis
896 1780 947 1818 ut
993 1791 1107 1818 mors
1149 1777 1336 1827 dilectio,
1377 1777 1486 1819 dura
1533 1781 1584 1819 ut
1631 1777 1826 1819 infernus

423 1843 655 1893 aemulatio,
690 1844 928 1885 certissima
959 1845 1234 1887 confidentiae
1267 1846 1486 1896 securitas,
1519 1846 1826 1902 longanimitas

423 1911 696 1954 sustinentiae
749 1912 1016 1965 suavissima,
1075 1913 1277 1955 latissimi
1328 1914 1466 1955 cordis
1516 1914 1824 1966 munificentia,

422 1980 759 2035 magnanimitas
797 1981 1020 2036 sanguinis
1056 1981 1290 2034 clarissimi,
1332 1982 1477 2024 titulis
1513 1983 1676 2024 mundo
1711 1997 1826 2039 spec-

422 2048 632 2089 tabilibus
663 2063 717 2089 ex
749 2048 959 2104 singulari
996 2049 1242 2091 divinitatis
1277 2065 1454 2092 munere
1486 2050 1696 2107 insignire
1727 2066 1825 2094 con-

423 2115 674 2170 spiciuntur.
743 2117 931 2159 Proinde
983 2118 1231 2173 gratulatur
1272 2119 1446 2161 ecclesia
1485 2119 1739 2162 laetabunda
1781 2125 1825 2163 et

423 2188 601 2225 cantans
635 2184 687 2226 de
730 2188 956 2227 tantarum
993 2186 1330 2229 eininentiarum
1363 2188 1588 2244 praeelecto
1621 2189 1824 2245 pontifice

422 2251 641 2292 Altissimi
679 2253 905 2295 consilium
942 2254 995 2296 de
1029 2256 1238 2311 supernis,
1276 2256 1406 2307 aiens,
1445 2261 1468 2278 “
1486 2257 1645 2299 Inveni
1680 2257 1823 2299 virum

424 2325 446 2340 “
479 2320 715 2361 secundum
767 2336 838 2363 cor
888 2337 1034 2364 meum
1056 2323 1089 2375 3⁷²
1141 2324 1188 2365 in
1238 2339 1366 2380 quem
1409 2325 1572 2367 scilicet
1613 2325 1823 2382 solempni

422 2392 685 2430 concurrunt
705 2390 927 2432 evidentia
957 2392 1206 2435 necessariae
1238 2393 1293 2434 ad
1315 2393 1520 2449 Papalem
1546 2394 1820 2450 dignitatem,

422 2455 468 2496 in
500 2470 586 2510 qua
617 2456 700 2497 sibi
732 2458 844 2499 sicut
867 2458 912 2499 in
937 2459 1049 2501 Filio
1071 2461 1190 2502 Deus
1213 2461 1344 2503 Pater
1377 2462 1653 2518 complaceat,
1679 2461 1819 2518 requi*

422 2523 517 2565 sita)
555 2524 864 2567 charismatum
899 2528 1139 2583 elegantiae7
1178 2544 1285 2585 quas
1319 2530 1399 2571 sub
1436 2530 1560 2572 suavi
1602 2530 1820 2573 brevitate

421 2592 788 2648 comprehendens
830 2595 1005 2650 quidam
1049 2597 1293 2653 praecipuus
1335 2598 1642 2653 mysteriorum
1677 2599 1821 2641 inves-

420 2660 595 2715 tigator,
620 2665 662 2702 et
684 2663 842 2703 summi
870 2664 1087 2719 pontificis
1120 2666 1381 2721 dignitatem
1413 2667 1644 2722 alloquens,
1669 2671 1692 2690 ‘¹
1710 2667 1820 2710 Con-

421 2733 444 2749 “
475 2728 674 2779 sideres,’²
706 2730 865 2785 inquit,
899 2736 1036 2775 “ante
1070 2734 1217 2775 omnia
1248 2739 1442 2777 sanctam
1480 2735 1722 2777 Romanam
1755 2749 1819 2778 ec-

420 2800 447 2818 “
479 2797 662 2848 clesiam‚
695 2798 775 2848 cui,
811 2798 1000 2842 Domino
1032 2806 1218 2855 auctore,
1244 2818 1391 2858 praees,
1425 2803 1700 2846 ecclesiarum
1730 2818 1817 2846 ma-

421 2868 443 2885 “
477 2867 587 2907 trem
620 2879 709 2907 esse
743 2880 831 2908 non
863 2866 1109 2911 dominam:
1142 2873 1185 2912 te
1221 2885 1323 2914 vero
1355 2886 1443 2914 non
1475 2871 1701 2915 dominum
1733 2871 1817 2928 epi*
