<?xml version="1.0" encoding="UTF-8"?>
<!DOCTYPE html PUBLIC "-//W3C//DTD XHTML 1.0 Transitional//EN"
    "http://www.w3.org/TR/xhtml1/DTD/xhtml1-transitional.dtd">
<html xmlns="http://www.w3.org/1999/xhtml" xml:lang="en" lang="en">
 <head>
  <title>
</title>
<meta http-equiv="Content-Type" content="text/html;charset=utf-8" />
  <meta name='ocr-system' content='tesseract 3.04.00' />
  <meta name='ocr-capabilities' content='ocr_page ocr_carea ocr_par ocr_line ocrx_word'/>
</head>
<body>
  <div class='ocr_page' id='page_1' title='image "./monumentafrancis01thom_0264.png"; bbox 0 0 1905 3180; ppageno 0'>
   <div class='ocr_carea' id='block_1_1' title="bbox 391 241 1298 282">
    <p class='ocr_par' dir='ltr' id='par_1_1' title="bbox 391 241 1298 282">
     <span class='ocr_line' id='line_1_1' title="bbox 391 241 1298 282; baseline -0.009 0"><span class='ocrx_word' id='word_1_1' title='bbox 391 242 474 282; x_wconf 81' lang='grc'>106</span> <span class='ocrx_word' id='word_1_2' title='bbox 874 246 980 278; x_wconf 78' lang='lat' dir='ltr'>ADAE</span> <span class='ocrx_word' id='word_1_3' title='bbox 1012 244 1073 276; x_wconf 83' lang='lat' dir='ltr'>DE</span> <span class='ocrx_word' id='word_1_4' title='bbox 1103 241 1298 276; x_wconf 78' lang='lat' dir='ltr'>MAmsco</span> 
     </span>
    </p>
   </div>
   <div class='ocr_carea' id='block_1_2' title="bbox 387 358 1801 2329">
    <p class='ocr_par' dir='ltr' id='par_1_2' title="bbox 387 358 1801 2329">
     <span class='ocr_line' id='line_1_2' title="bbox 387 358 1782 420; baseline -0.006 -13"><span class='ocrx_word' id='word_1_5' title='bbox 387 369 534 407; x_wconf 85' lang='lat' dir='ltr'>autem</span> <span class='ocrx_word' id='word_1_6' title='bbox 572 363 728 420; x_wconf 86' lang='lat' dir='ltr'>putavi</span> <span class='ocrx_word' id='word_1_7' title='bbox 769 362 956 406; x_wconf 82' lang='lat' dir='ltr'>scribere</span> <span class='ocrx_word' id='word_1_8' title='bbox 997 362 1122 404; x_wconf 84' lang='lat' dir='ltr'>vobis</span> <span class='ocrx_word' id='word_1_9' title='bbox 1163 363 1261 402; x_wconf 83' lang='lat' dir='ltr'>acta</span> <span class='ocrx_word' id='word_1_10' title='bbox 1303 360 1431 402; x_wconf 75' lang='lat' dir='ltr'>dictae</span> <span class='ocrx_word' id='word_1_11' title='bbox 1474 358 1573 410; x_wconf 82' lang='lat' dir='ltr'>diei,</span> <span class='ocrx_word' id='word_1_12' title='bbox 1612 373 1690 414; x_wconf 91' lang='lat' dir='ltr'>pro</span> <span class='ocrx_word' id='word_1_13' title='bbox 1732 371 1782 399; x_wconf 85' lang='lat' dir='ltr'>eo</span> 
     </span>
     <span class='ocr_line' id='line_1_3' title="bbox 389 425 1782 489; baseline -0.006 -14"><span class='ocrx_word' id='word_1_14' title='bbox 389 433 504 489; x_wconf 88' lang='lat' dir='ltr'>quod</span> <span class='ocrx_word' id='word_1_15' title='bbox 549 434 813 474; x_wconf 83' lang='lat' dir='ltr'>memoratus</span> <span class='ocrx_word' id='word_1_16' title='bbox 862 430 1064 473; x_wconf 85' lang='lat' dir='ltr'>dominus</span> <span class='ocrx_word' id='word_1_17' title='bbox 1107 429 1275 485; x_wconf 82' lang='lat' dir='ltr'>Symon</span> <span class='ocrx_word' id='word_1_18' title='bbox 1317 428 1393 484; x_wconf 79' lang='lat' dir='ltr'>qui</span> <span class='ocrx_word' id='word_1_19' title='bbox 1434 430 1528 469; x_wconf 83' lang='lat' dir='ltr'>toto</span> <span class='ocrx_word' id='word_1_20' title='bbox 1570 425 1782 468; x_wconf 86' lang='lat' dir='ltr'>tractatui</span> 
     </span>
     <span class='ocr_line' id='line_1_4' title="bbox 388 493 1783 552; baseline -0.005 -11"><span class='ocrx_word' id='word_1_21' title='bbox 388 503 502 543; x_wconf 79' lang='lat' dir='ltr'>bono</span> <span class='ocrx_word' id='word_1_22' title='bbox 550 500 678 542; x_wconf 90' lang='lat' dir='ltr'>modo</span> <span class='ocrx_word' id='word_1_23' title='bbox 731 499 906 542; x_wconf 84' lang='lat' dir='ltr'>sedulus</span> <span class='ocrx_word' id='word_1_24' title='bbox 959 497 1163 540; x_wconf 83' lang='lat' dir='ltr'>interfuit</span> <span class='ocrx_word' id='word_1_25' title='bbox 1212 512 1262 539; x_wconf 87' lang='lat' dir='ltr'>ea</span> <span class='ocrx_word' id='word_1_26' title='bbox 1307 495 1478 552; x_wconf 85' lang='lat' dir='ltr'>plenius</span> <span class='ocrx_word' id='word_1_27' title='bbox 1534 493 1783 536; x_wconf 83' lang='lat' dir='ltr'>intimanda</span> 
     </span>
     <span class='ocr_line' id='line_1_5' title="bbox 388 561 1783 625; baseline -0.006 -13"><span class='ocrx_word' id='word_1_28' title='bbox 388 573 544 612; x_wconf 74' lang='lat' dir='ltr'>vestrae</span> <span class='ocrx_word' id='word_1_29' title='bbox 586 567 960 625; x_wconf 68' lang='lat' dir='ltr'>circumspectioni</span> <span class='ocrx_word' id='word_1_30' title='bbox 992 566 1193 622; x_wconf 85' lang='lat' dir='ltr'>suscepit.</span> <span class='ocrx_word' id='word_1_31' title='bbox 1257 564 1473 606; x_wconf 75' lang='lat' dir='ltr'>Dominus</span> <span class='ocrx_word' id='word_1_32' title='bbox 1515 563 1634 605; x_wconf 89' lang='lat' dir='ltr'>Deus</span> <span class='ocrx_word' id='word_1_33' title='bbox 1676 561 1783 604; x_wconf 87' lang='lat' dir='ltr'>assit</span> 
     </span>
     <span class='ocr_line' id='line_1_6' title="bbox 387 630 1784 687; baseline -0.006 -8"><span class='ocrx_word' id='word_1_34' title='bbox 387 637 575 679; x_wconf 56' lang='lat' dir='ltr'>ecclesiae</span> <span class='ocrx_word' id='word_1_35' title='bbox 662 652 751 679; x_wconf 72' lang='lat' dir='ltr'>suae</span> <span class='ocrx_word' id='word_1_36' title='bbox 821 634 1155 678; x_wconf 82' lang='lat' dir='ltr'>necessitatibus</span> <span class='ocrx_word' id='word_1_37' title='bbox 1220 632 1372 675; x_wconf 71' lang='lat' dir='ltr'>diebus</span> <span class='ocrx_word' id='word_1_38' title='bbox 1444 631 1552 684; x_wconf 87' lang='lat' dir='ltr'>istis,</span> <span class='ocrx_word' id='word_1_39' title='bbox 1626 630 1784 687; x_wconf 84' lang='lat' dir='ltr'>quibus</span> 
     </span>
     <span class='ocr_line' id='line_1_7' title="bbox 388 699 1785 755; baseline -0.006 -8"><span class='ocrx_word' id='word_1_40' title='bbox 388 706 581 747; x_wconf 86' lang='lat' dir='ltr'>dolemus</span> <span class='ocrx_word' id='word_1_41' title='bbox 622 705 931 755; x_wconf 88' lang='lat' dir='ltr'>indesinenter,</span> <span class='ocrx_word' id='word_1_42' title='bbox 978 701 1213 745; x_wconf 88' lang='lat' dir='ltr'>efferatiori</span> <span class='ocrx_word' id='word_1_43' title='bbox 1250 700 1573 742; x_wconf 76' lang='lat' dir='ltr'>mendaciorum</span> <span class='ocrx_word' id='word_1_44' title='bbox 1610 699 1785 741; x_wconf 78' lang='lat' dir='ltr'>eviden-</span> 
     </span>
     <span class='ocr_line' id='line_1_8' title="bbox 387 767 1786 829; baseline -0.005 -14"><span class='ocrx_word' id='word_1_45' title='bbox 387 774 501 815; x_wconf 88' lang='lat' dir='ltr'>tium</span> <span class='ocrx_word' id='word_1_46' title='bbox 542 773 793 829; x_wconf 81' lang='lat' dir='ltr'>pervicacia,</span> <span class='ocrx_word' id='word_1_47' title='bbox 838 772 994 828; x_wconf 87' lang='lat' dir='ltr'>impios</span> <span class='ocrx_word' id='word_1_48' title='bbox 1035 769 1340 812; x_wconf 85' lang='lat' dir='ltr'>tantummodo</span> <span class='ocrx_word' id='word_1_49' title='bbox 1378 769 1430 810; x_wconf 88' lang='lat' dir='ltr'>de</span> <span class='ocrx_word' id='word_1_50' title='bbox 1473 783 1562 810; x_wconf 76' lang='lat' dir='ltr'>suae</span> <span class='ocrx_word' id='word_1_51' title='bbox 1598 767 1786 809; x_wconf 80' lang='lat' dir='ltr'>feritatis</span> 
     </span>
     <span class='ocr_line' id='line_1_9' title="bbox 388 835 1787 893; baseline -0.005 -10"><span class='ocrx_word' id='word_1_52' title='bbox 388 841 663 883; x_wconf 68' lang='lat' dir='ltr'>vehementia</span> <span class='ocrx_word' id='word_1_53' title='bbox 704 840 982 892; x_wconf 72' lang='lat' dir='ltr'>insanientes,</span> <span class='ocrx_word' id='word_1_54' title='bbox 1019 839 1269 882; x_wconf 86' lang='lat' dir='ltr'>conculcare</span> <span class='ocrx_word' id='word_1_55' title='bbox 1304 837 1513 893; x_wconf 78' lang='lat' dir='ltr'>justiores</span> <span class='ocrx_word' id='word_1_56' title='bbox 1544 851 1598 878; x_wconf 90' lang='lat' dir='ltr'>se.</span> <span class='ocrx_word' id='word_1_57' title='bbox 1662 835 1787 891; x_wconf 85' lang='lat' dir='ltr'>Opti-</span> 
     </span>
     <span class='ocr_line' id='line_1_10' title="bbox 389 903 1787 964; baseline -0.004 -14"><span class='ocrx_word' id='word_1_58' title='bbox 389 924 509 950; x_wconf 90' lang='lat' dir='ltr'>mum</span> <span class='ocrx_word' id='word_1_59' title='bbox 541 909 649 950; x_wconf 85' lang='lat' dir='ltr'>mihi</span> <span class='ocrx_word' id='word_1_60' title='bbox 680 909 858 950; x_wconf 74' lang='lat' dir='ltr'>videtur</span> <span class='ocrx_word' id='word_1_61' title='bbox 886 908 1002 964; x_wconf 86' lang='lat' dir='ltr'>quod</span> <span class='ocrx_word' id='word_1_62' title='bbox 1043 908 1135 949; x_wconf 84' lang='lat' dir='ltr'>sine</span> <span class='ocrx_word' id='word_1_63' title='bbox 1171 921 1303 948; x_wconf 61' lang='lat' dir='ltr'>morae</span> <span class='ocrx_word' id='word_1_64' title='bbox 1331 905 1556 961; x_wconf 86' lang='lat' dir='ltr'>dispendio</span> <span class='ocrx_word' id='word_1_65' title='bbox 1588 903 1787 946; x_wconf 81' lang='lat' dir='ltr'>scribatis</span> 
     </span>
     <span class='ocr_line' id='line_1_11' title="bbox 389 972 1783 1030; baseline -0.004 -12"><span class='ocrx_word' id='word_1_66' title='bbox 389 977 555 1018; x_wconf 88' lang='lat' dir='ltr'>domini</span> <span class='ocrx_word' id='word_1_67' title='bbox 620 977 769 1019; x_wconf 86' lang='lat' dir='ltr'>comiti</span> <span class='ocrx_word' id='word_1_68' title='bbox 831 976 1123 1019; x_wconf 73' lang='lat' dir='ltr'>Cornuvalliae</span> <span class='ocrx_word' id='word_1_69' title='bbox 1197 973 1525 1030; x_wconf 85' lang='lat' dir='ltr'>deprecatorias,</span> <span class='ocrx_word' id='word_1_70' title='bbox 1586 972 1783 1021; x_wconf 80' lang='lat' dir='ltr'>efficaces,</span> 
     </span>
     <span class='ocr_line' id='line_1_12' title="bbox 389 1040 1785 1100; baseline -0.004 -13"><span class='ocrx_word' id='word_1_71' title='bbox 389 1044 681 1097; x_wconf 65' lang='lat' dir='ltr'>rationabiles,</span> <span class='ocrx_word' id='word_1_72' title='bbox 737 1044 950 1100; x_wconf 88' lang='lat' dir='ltr'>supplices</span> <span class='ocrx_word' id='word_1_73' title='bbox 971 1042 995 1096; x_wconf 81' lang='lat'>3¹</span> <span class='ocrx_word' id='word_1_74' title='bbox 1046 1047 1098 1085; x_wconf 89' lang='lat' dir='ltr'>ut</span> <span class='ocrx_word' id='word_1_75' title='bbox 1150 1043 1234 1098; x_wconf 84' lang='lat' dir='ltr'>ipsi</span> <span class='ocrx_word' id='word_1_76' title='bbox 1294 1042 1464 1098; x_wconf 79' lang='lat' dir='ltr'>placeat</span> <span class='ocrx_word' id='word_1_77' title='bbox 1526 1040 1785 1096; x_wconf 81' lang='lat' dir='ltr'>suspendere</span> 
     </span>
     <span class='ocr_line' id='line_1_13' title="bbox 390 1108 1787 1170; baseline -0.004 -15"><span class='ocrx_word' id='word_1_78' title='bbox 390 1113 680 1170; x_wconf 73' lang='lat' dir='ltr'>quaestionum</span> <span class='ocrx_word' id='word_1_79' title='bbox 724 1112 1008 1155; x_wconf 76' lang='lat' dir='ltr'>discussiones</span> <span class='ocrx_word' id='word_1_80' title='bbox 1050 1111 1167 1153; x_wconf 88' lang='lat' dir='ltr'>inter</span> <span class='ocrx_word' id='word_1_81' title='bbox 1223 1124 1300 1152; x_wconf 86' lang='lat' dir='ltr'>vos</span> <span class='ocrx_word' id='word_1_82' title='bbox 1357 1112 1401 1150; x_wconf 91' lang='lat' dir='ltr'>et</span> <span class='ocrx_word' id='word_1_83' title='bbox 1455 1108 1640 1151; x_wconf 81' lang='lat' dir='ltr'>eundem</span> <span class='ocrx_word' id='word_1_84' title='bbox 1682 1123 1787 1165; x_wconf 86' lang='lat' dir='ltr'>pen-</span> 
     </span>
     <span class='ocr_line' id='line_1_14' title="bbox 390 1176 1801 1236; baseline -0.004 -13"><span class='ocrx_word' id='word_1_85' title='bbox 390 1182 600 1232; x_wconf 83' lang='lat' dir='ltr'>dentium,</span> <span class='ocrx_word' id='word_1_86' title='bbox 644 1194 864 1236; x_wconf 77' lang='lat' dir='ltr'>quousque</span> <span class='ocrx_word' id='word_1_87' title='bbox 906 1179 1033 1222; x_wconf 90' lang='lat' dir='ltr'>certis</span> <span class='ocrx_word' id='word_1_88' title='bbox 1075 1179 1145 1220; x_wconf 87' lang='lat' dir='ltr'>die</span> <span class='ocrx_word' id='word_1_89' title='bbox 1182 1180 1226 1220; x_wconf 86' lang='lat' dir='ltr'>et</span> <span class='ocrx_word' id='word_1_90' title='bbox 1268 1177 1360 1219; x_wconf 92' lang='grc'>1000</span> <span class='ocrx_word' id='word_1_91' title='bbox 1401 1177 1457 1218; x_wconf 88' lang='lat' dir='ltr'>ad</span> <span class='ocrx_word' id='word_1_92' title='bbox 1499 1176 1578 1218; x_wconf 89' lang='lat' dir='ltr'>hoc</span> <span class='ocrx_word' id='word_1_93' title='bbox 1614 1180 1801 1233; x_wconf 51' lang='lat' dir='ltr'>tempus¹</span> 
     </span>
     <span class='ocr_line' id='line_1_15' title="bbox 390 1245 1786 1306; baseline -0.003 -15"><span class='ocrx_word' id='word_1_94' title='bbox 390 1249 722 1306; x_wconf 83' lang='lat' dir='ltr'>personabiliter</span> <span class='ocrx_word' id='word_1_95' title='bbox 771 1248 1003 1290; x_wconf 85' lang='lat' dir='ltr'>convenire</span> <span class='ocrx_word' id='word_1_96' title='bbox 1040 1247 1237 1296; x_wconf 82' lang='lat' dir='ltr'>valeatis,</span> <span class='ocrx_word' id='word_1_97' title='bbox 1276 1245 1544 1301; x_wconf 81' lang='lat' dir='ltr'>competenti</span> <span class='ocrx_word' id='word_1_98' title='bbox 1590 1248 1786 1302; x_wconf 85' lang='lat' dir='ltr'>tempore</span> 
     </span>
     <span class='ocr_line' id='line_1_16' title="bbox 390 1313 1788 1373; baseline -0.004 -14"><span class='ocrx_word' id='word_1_99' title='bbox 390 1321 490 1373; x_wconf 87' lang='lat' dir='ltr'>post</span> <span class='ocrx_word' id='word_1_100' title='bbox 530 1316 699 1358; x_wconf 83' lang='lat' dir='ltr'>instans</span> <span class='ocrx_word' id='word_1_101' title='bbox 728 1316 904 1368; x_wconf 86' lang='lat' dir='ltr'>Pascha,</span> <span class='ocrx_word' id='word_1_102' title='bbox 944 1331 1028 1370; x_wconf 89' lang='lat' dir='ltr'>quo</span> <span class='ocrx_word' id='word_1_103' title='bbox 1071 1316 1152 1356; x_wconf 87' lang='lat' dir='ltr'>fiat</span> <span class='ocrx_word' id='word_1_104' title='bbox 1189 1317 1240 1356; x_wconf 87' lang='lat' dir='ltr'>ut</span> <span class='ocrx_word' id='word_1_105' title='bbox 1285 1313 1487 1356; x_wconf 80' lang='lat' dir='ltr'>omnibus</span> <span class='ocrx_word' id='word_1_106' title='bbox 1533 1328 1661 1369; x_wconf 85' lang='lat' dir='ltr'>super</span> <span class='ocrx_word' id='word_1_107' title='bbox 1693 1313 1788 1368; x_wconf 91' lang='lat' dir='ltr'>qui-</span> 
     </span>
     <span class='ocr_line' id='line_1_17' title="bbox 391 1380 1788 1441; baseline -0.002 -15"><span class='ocrx_word' id='word_1_108' title='bbox 391 1385 471 1426; x_wconf 82' lang='lat' dir='ltr'>bus</span> <span class='ocrx_word' id='word_1_109' title='bbox 507 1399 584 1441; x_wconf 83' lang='lat' dir='ltr'>per</span> <span class='ocrx_word' id='word_1_110' title='bbox 623 1384 804 1426; x_wconf 88' lang='lat' dir='ltr'>discolos</span> <span class='ocrx_word' id='word_1_111' title='bbox 844 1384 1037 1426; x_wconf 76' lang='lat' dir='ltr'>excitata</span> <span class='ocrx_word' id='word_1_112' title='bbox 1077 1387 1144 1425; x_wconf 85' lang='lat' dir='ltr'>est</span> <span class='ocrx_word' id='word_1_113' title='bbox 1188 1380 1494 1433; x_wconf 79' lang='lat' dir='ltr'>controversia,</span> <span class='ocrx_word' id='word_1_114' title='bbox 1533 1381 1788 1437; x_wconf 79' lang='lat' dir='ltr'>diligentius</span> 
     </span>
     <span class='ocr_line' id='line_1_18' title="bbox 391 1449 1787 1508; baseline -0.003 -14"><span class='ocrx_word' id='word_1_115' title='bbox 391 1452 655 1494; x_wconf 71' lang='lat' dir='ltr'>examinatis</span> <span class='ocrx_word' id='word_1_116' title='bbox 692 1466 768 1507; x_wconf 86' lang='lat' dir='ltr'>per</span> <span class='ocrx_word' id='word_1_117' title='bbox 797 1452 1067 1508; x_wconf 77' lang='lat' dir='ltr'>provisivum</span> <span class='ocrx_word' id='word_1_118' title='bbox 1098 1450 1233 1493; x_wconf 86' lang='lat' dir='ltr'>Vestri</span> <span class='ocrx_word' id='word_1_119' title='bbox 1280 1454 1324 1492; x_wconf 86' lang='lat' dir='ltr'>et</span> <span class='ocrx_word' id='word_1_120' title='bbox 1355 1449 1472 1490; x_wconf 81' lang='lat' dir='ltr'>illius</span> <span class='ocrx_word' id='word_1_121' title='bbox 1513 1449 1787 1505; x_wconf 82' lang='lat' dir='ltr'>colloquium,</span> 
     </span>
     <span class='ocr_line' id='line_1_19' title="bbox 390 1517 1788 1577; baseline -0.003 -14"><span class='ocrx_word' id='word_1_122' title='bbox 390 1521 567 1577; x_wconf 78' lang='lat' dir='ltr'>pacifico</span> <span class='ocrx_word' id='word_1_123' title='bbox 590 1521 675 1562; x_wconf 87' lang='lat' dir='ltr'>fine</span> <span class='ocrx_word' id='word_1_124' title='bbox 707 1520 1039 1575; x_wconf 80' lang='lat' dir='ltr'>conquiescant3</span> <span class='ocrx_word' id='word_1_125' title='bbox 1071 1519 1115 1560; x_wconf 90' lang='lat' dir='ltr'>id</span> <span class='ocrx_word' id='word_1_126' title='bbox 1140 1521 1345 1575; x_wconf 83' lang='lat' dir='ltr'>operante</span> <span class='ocrx_word' id='word_1_127' title='bbox 1378 1517 1608 1559; x_wconf 86' lang='lat' dir='ltr'>clementia</span> <span class='ocrx_word' id='word_1_128' title='bbox 1629 1517 1788 1559; x_wconf 86' lang='lat' dir='ltr'>divini-</span> 
     </span>
     <span class='ocr_line' id='line_1_20' title="bbox 391 1585 1787 1645; baseline -0.001 -15"><span class='ocrx_word' id='word_1_129' title='bbox 391 1589 505 1631; x_wconf 83' lang='lat' dir='ltr'>tatis.</span> <span class='ocrx_word' id='word_1_130' title='bbox 540 1588 762 1630; x_wconf 82' lang='lat' dir='ltr'>Petitoriis</span> <span class='ocrx_word' id='word_1_131' title='bbox 787 1588 1024 1645; x_wconf 84' lang='lat' dir='ltr'>plurimum</span> <span class='ocrx_word' id='word_1_132' title='bbox 1054 1590 1119 1629; x_wconf 86' lang='lat' dir='ltr'>est</span> <span class='ocrx_word' id='word_1_133' title='bbox 1148 1586 1440 1628; x_wconf 87' lang='lat' dir='ltr'>insistendum</span> <span class='ocrx_word' id='word_1_134' title='bbox 1469 1585 1524 1627; x_wconf 88' lang='lat' dir='ltr'>ad</span> <span class='ocrx_word' id='word_1_135' title='bbox 1547 1600 1616 1627; x_wconf 92' lang='lat' dir='ltr'>eos</span> <span class='ocrx_word' id='word_1_136' title='bbox 1638 1590 1787 1628; x_wconf 85' lang='lat' dir='ltr'>contra</span> 
     </span>
     <span class='ocr_line' id='line_1_21' title="bbox 394 1652 1784 1713; baseline -0.001 -16"><span class='ocrx_word' id='word_1_137' title='bbox 394 1672 500 1712; x_wconf 88' lang='lat' dir='ltr'>quos</span> <span class='ocrx_word' id='word_1_138' title='bbox 528 1671 606 1698; x_wconf 86' lang='lat' dir='ltr'>nec</span> <span class='ocrx_word' id='word_1_139' title='bbox 637 1656 836 1713; x_wconf 83' lang='lat' dir='ltr'>potentia</span> <span class='ocrx_word' id='word_1_140' title='bbox 868 1656 1076 1713; x_wconf 79' lang='lat' dir='ltr'>suppetit,</span> <span class='ocrx_word' id='word_1_141' title='bbox 1106 1670 1185 1697; x_wconf 86' lang='lat' dir='ltr'>nec</span> <span class='ocrx_word' id='word_1_142' title='bbox 1214 1652 1421 1696; x_wconf 80' lang='lat' dir='ltr'>subvenit</span> <span class='ocrx_word' id='word_1_143' title='bbox 1443 1653 1631 1708; x_wconf 83' lang='lat' dir='ltr'>justitia.</span> <span class='ocrx_word' id='word_1_144' title='bbox 1680 1654 1784 1705; x_wconf 84' lang='lat' dir='ltr'>Ubi,</span> 
     </span>
     <span class='ocr_line' id='line_1_22' title="bbox 393 1722 1787 1780; baseline -0.001 -14"><span class='ocrx_word' id='word_1_145' title='bbox 393 1726 502 1767; x_wconf 85' lang='lat' dir='ltr'>sicut</span> <span class='ocrx_word' id='word_1_146' title='bbox 532 1725 611 1777; x_wconf 87' lang='lat' dir='ltr'>his,</span> <span class='ocrx_word' id='word_1_147' title='bbox 645 1725 776 1766; x_wconf 88' lang='lat' dir='ltr'>datur</span> <span class='ocrx_word' id='word_1_148' title='bbox 806 1725 955 1766; x_wconf 86' lang='lat' dir='ltr'>sceleri</span> <span class='ocrx_word' id='word_1_149' title='bbox 987 1728 1039 1766; x_wconf 88' lang='lat' dir='ltr'>ut</span> <span class='ocrx_word' id='word_1_150' title='bbox 1071 1723 1287 1780; x_wconf 85' lang='lat' dir='ltr'>stupenda</span> <span class='ocrx_word' id='word_1_151' title='bbox 1317 1722 1583 1778; x_wconf 70' lang='lat' dir='ltr'>praesumtio,</span> <span class='ocrx_word' id='word_1_152' title='bbox 1615 1723 1708 1765; x_wconf 88' lang='lat' dir='ltr'>sive</span> <span class='ocrx_word' id='word_1_153' title='bbox 1739 1723 1787 1765; x_wconf 91' lang='lat' dir='ltr'>in</span> 
     </span>
     <span class='ocr_line' id='line_1_23' title="bbox 393 1790 1787 1849; baseline 0 -15"><span class='ocrx_word' id='word_1_154' title='bbox 393 1796 518 1849; x_wconf 86' lang='lat' dir='ltr'>parte</span> <span class='ocrx_word' id='word_1_155' title='bbox 555 1792 721 1844; x_wconf 85' lang='lat' dir='ltr'>actrice,</span> <span class='ocrx_word' id='word_1_156' title='bbox 764 1792 853 1834; x_wconf 73' lang='lat' dir='ltr'>sive</span> <span class='ocrx_word' id='word_1_157' title='bbox 896 1793 944 1834; x_wconf 89' lang='lat' dir='ltr'>in</span> <span class='ocrx_word' id='word_1_158' title='bbox 989 1795 1113 1848; x_wconf 85' lang='lat' dir='ltr'>parte</span> <span class='ocrx_word' id='word_1_159' title='bbox 1150 1807 1234 1844; x_wconf 83' lang='lat' dir='ltr'>rea,</span> <span class='ocrx_word' id='word_1_160' title='bbox 1283 1790 1367 1833; x_wconf 82' lang='lat' dir='ltr'>sibi</span> <span class='ocrx_word' id='word_1_161' title='bbox 1408 1793 1586 1847; x_wconf 84' lang='lat' dir='ltr'>arrogat</span> <span class='ocrx_word' id='word_1_162' title='bbox 1619 1791 1787 1834; x_wconf 85' lang='lat' dir='ltr'>invere-</span> 
     </span>
     <span class='ocr_line' id='line_1_24' title="bbox 394 1857 1789 1916; baseline 0.001 -15"><span class='ocrx_word' id='word_1_163' title='bbox 394 1860 587 1910; x_wconf 87' lang='lat' dir='ltr'>cundius,</span> <span class='ocrx_word' id='word_1_164' title='bbox 619 1863 663 1902; x_wconf 89' lang='lat' dir='ltr'>et</span> <span class='ocrx_word' id='word_1_165' title='bbox 690 1860 853 1916; x_wconf 85' lang='lat' dir='ltr'>judicis</span> <span class='ocrx_word' id='word_1_166' title='bbox 885 1864 929 1902; x_wconf 91' lang='lat' dir='ltr'>et</span> <span class='ocrx_word' id='word_1_167' title='bbox 961 1860 1175 1913; x_wconf 81' lang='lat' dir='ltr'>advocati,</span> <span class='ocrx_word' id='word_1_168' title='bbox 1211 1863 1255 1902; x_wconf 93' lang='lat' dir='ltr'>et</span> <span class='ocrx_word' id='word_1_169' title='bbox 1288 1857 1424 1910; x_wconf 68' lang='lat' dir='ltr'>testis,</span> <span class='ocrx_word' id='word_1_170' title='bbox 1460 1861 1506 1899; x_wconf 88' lang='lat' dir='ltr'>et</span> <span class='ocrx_word' id='word_1_171' title='bbox 1545 1860 1789 1902; x_wconf 81' lang='lat' dir='ltr'>executoris</span> 
     </span>
     <span class='ocr_line' id='line_1_25' title="bbox 394 1926 1790 1984; baseline -0.001 -13"><span class='ocrx_word' id='word_1_172' title='bbox 394 1929 591 1981; x_wconf 85' lang='lat' dir='ltr'>officium,</span> <span class='ocrx_word' id='word_1_173' title='bbox 634 1928 747 1969; x_wconf 87' lang='lat' dir='ltr'>nihil</span> <span class='ocrx_word' id='word_1_174' title='bbox 782 1928 1025 1970; x_wconf 82' lang='lat' dir='ltr'>arbitratur</span> <span class='ocrx_word' id='word_1_175' title='bbox 1060 1928 1232 1984; x_wconf 83' lang='lat' dir='ltr'>justum</span> <span class='ocrx_word' id='word_1_176' title='bbox 1269 1926 1353 1969; x_wconf 86' lang='lat' dir='ltr'>nisi</span> <span class='ocrx_word' id='word_1_177' title='bbox 1386 1927 1692 1978; x_wconf 82' lang='lat' dir='ltr'>concussiones,</span> <span class='ocrx_word' id='word_1_178' title='bbox 1723 1943 1790 1970; x_wconf 86' lang='lat' dir='ltr'>ra-</span> 
     </span>
     <span class='ocr_line' id='line_1_26' title="bbox 394 1996 1790 2053; baseline 0 -15"><span class='ocrx_word' id='word_1_179' title='bbox 394 1997 530 2052; x_wconf 89' lang='lat' dir='ltr'>pinas,</span> <span class='ocrx_word' id='word_1_180' title='bbox 585 1996 782 2053; x_wconf 79' lang='lat' dir='ltr'>angarias</span> <span class='ocrx_word' id='word_1_181' title='bbox 833 1997 1121 2039; x_wconf 86' lang='lat' dir='ltr'>truculentius</span> <span class='ocrx_word' id='word_1_182' title='bbox 1169 2007 1379 2047; x_wconf 76' lang='lat' dir='ltr'>exercere,</span> <span class='ocrx_word' id='word_1_183' title='bbox 1426 2012 1523 2052; x_wconf 82' lang='lat' dir='ltr'>quae</span> <span class='ocrx_word' id='word_1_184' title='bbox 1568 1997 1790 2053; x_wconf 87' lang='lat' dir='ltr'>potissime</span> 
     </span>
     <span class='ocr_line' id='line_1_27' title="bbox 394 2064 1791 2123; baseline 0.001 -18"><span class='ocrx_word' id='word_1_185' title='bbox 394 2064 616 2120; x_wconf 80' lang='lat' dir='ltr'>gloriatur.</span> <span class='ocrx_word' id='word_1_186' title='bbox 693 2064 803 2106; x_wconf 89' lang='lat' dir='ltr'>Cum</span> <span class='ocrx_word' id='word_1_187' title='bbox 848 2064 896 2106; x_wconf 89' lang='lat' dir='ltr'>in</span> <span class='ocrx_word' id='word_1_188' title='bbox 941 2065 1198 2107; x_wconf 87' lang='lat' dir='ltr'>servitutem</span> <span class='ocrx_word' id='word_1_189' title='bbox 1239 2067 1412 2123; x_wconf 83' lang='lat' dir='ltr'>redigit,</span> <span class='ocrx_word' id='word_1_190' title='bbox 1460 2081 1557 2109; x_wconf 87' lang='lat' dir='ltr'>cum</span> <span class='ocrx_word' id='word_1_191' title='bbox 1599 2065 1791 2117; x_wconf 85' lang='lat' dir='ltr'>devorat,</span> 
     </span>
     <span class='ocr_line' id='line_1_28' title="bbox 397 2131 1792 2188; baseline -0.001 -14"><span class='ocrx_word' id='word_1_192' title='bbox 397 2147 494 2174; x_wconf 88' lang='lat' dir='ltr'>cum</span> <span class='ocrx_word' id='word_1_193' title='bbox 530 2131 698 2188; x_wconf 84' lang='lat' dir='ltr'>accipit,</span> <span class='ocrx_word' id='word_1_194' title='bbox 742 2147 839 2174; x_wconf 85' lang='lat' dir='ltr'>cum</span> <span class='ocrx_word' id='word_1_195' title='bbox 882 2133 1120 2185; x_wconf 67' lang='lat' dir='ltr'>extollitur,</span> <span class='ocrx_word' id='word_1_196' title='bbox 1156 2148 1253 2175; x_wconf 87' lang='lat' dir='ltr'>cum</span> <span class='ocrx_word' id='word_1_197' title='bbox 1290 2134 1337 2176; x_wconf 91' lang='lat' dir='ltr'>in</span> <span class='ocrx_word' id='word_1_198' title='bbox 1373 2135 1525 2178; x_wconf 79' lang='lat' dir='ltr'>faciem</span> <span class='ocrx_word' id='word_1_199' title='bbox 1559 2133 1692 2177; x_wconf 85' lang='lat' dir='ltr'>coedit</span> <span class='ocrx_word' id='word_1_200' title='bbox 1726 2133 1792 2174; x_wconf 91' lang='lat' dir='ltr'>in-</span> 
     </span>
     <span class='ocr_line' id='line_1_29' title="bbox 396 2196 1792 2261; baseline 0.001 -19"><span class='ocrx_word' id='word_1_201' title='bbox 396 2200 562 2252; x_wconf 76' lang='lat' dir='ltr'>noxios,</span> <span class='ocrx_word' id='word_1_202' title='bbox 611 2196 898 2255; x_wconf 83' lang='lat' dir='ltr'>petitionibus</span> <span class='ocrx_word' id='word_1_203' title='bbox 950 2201 1165 2257; x_wconf 81' lang='lat' dir='ltr'>agendum</span> <span class='ocrx_word' id='word_1_204' title='bbox 1215 2202 1262 2243; x_wconf 89' lang='lat' dir='ltr'>in</span> <span class='ocrx_word' id='word_1_205' title='bbox 1305 2203 1385 2246; x_wconf 83' lang='lat' dir='ltr'>hac</span> <span class='ocrx_word' id='word_1_206' title='bbox 1430 2207 1554 2261; x_wconf 85' lang='lat' dir='ltr'>parte</span> <span class='ocrx_word' id='word_1_207' title='bbox 1601 2202 1758 2244; x_wconf 85' lang='lat' dir='ltr'>idcirco</span> <span class='ocrx_word' id='word_1_208' title='bbox 1774 2201 1792 2224; x_wconf 75' lang='lat'>2</span> 
     </span>
     <span class='ocr_line' id='line_1_30' title="bbox 398 2269 1793 2329; baseline 0.001 -19"><span class='ocrx_word' id='word_1_209' title='bbox 398 2269 615 2319; x_wconf 73' lang='lat' dir='ltr'>dixerim3</span> <span class='ocrx_word' id='word_1_210' title='bbox 666 2283 888 2324; x_wconf 87' lang='lat' dir='ltr'>nunquam</span> <span class='ocrx_word' id='word_1_211' title='bbox 934 2269 1094 2311; x_wconf 86' lang='lat' dir='ltr'>etenim</span> <span class='ocrx_word' id='word_1_212' title='bbox 1147 2273 1199 2312; x_wconf 90' lang='lat' dir='ltr'>ut</span> <span class='ocrx_word' id='word_1_213' title='bbox 1247 2285 1344 2312; x_wconf 87' lang='lat' dir='ltr'>reor</span> <span class='ocrx_word' id='word_1_214' title='bbox 1387 2270 1675 2329; x_wconf 81' lang='lat' dir='ltr'>desperandus</span> <span class='ocrx_word' id='word_1_215' title='bbox 1727 2273 1793 2312; x_wconf 86' lang='lat' dir='ltr'>est</span> 
     </span>
    </p>
   </div>
   <div class='ocr_carea' id='block_1_3' title="bbox 398 2337 1795 2462">
    <p class='ocr_par' dir='ltr' id='par_1_3' title="bbox 398 2337 1795 2462">
     <span class='ocr_line' id='line_1_31' title="bbox 399 2337 1795 2396; baseline 0.001 -17"><span class='ocrx_word' id='word_1_216' title='bbox 399 2350 751 2392; x_wconf 83' lang='lat' dir='ltr'>usquequaquam</span> <span class='ocrx_word' id='word_1_217' title='bbox 781 2351 956 2393; x_wconf 82' lang='lat' dir='ltr'>precum</span> <span class='ocrx_word' id='word_1_218' title='bbox 982 2337 1198 2390; x_wconf 81' lang='lat' dir='ltr'>obtentus,</span> <span class='ocrx_word' id='word_1_219' title='bbox 1226 2353 1448 2396; x_wconf 87' lang='lat' dir='ltr'>quousque</span> <span class='ocrx_word' id='word_1_220' title='bbox 1476 2339 1795 2382; x_wconf 86' lang='lat' dir='ltr'>humanitatem</span> 
     </span>
     <span class='ocr_line' id='line_1_32' title="bbox 398 2404 1128 2462; baseline 0.001 -16"><span class='ocrx_word' id='word_1_221' title='bbox 398 2405 572 2462; x_wconf 85' lang='lat' dir='ltr'>penitus</span> <span class='ocrx_word' id='word_1_222' title='bbox 600 2404 843 2446; x_wconf 60' lang='lat' dir='ltr'>extinxerit</span> <span class='ocrx_word' id='word_1_223' title='bbox 871 2405 1128 2447; x_wconf 84' lang='lat' dir='ltr'>immanitas.</span> 
     </span>
    </p>
   </div>
   <div class='ocr_carea' id='block_1_4' title="bbox 398 2465 1793 2593">
    <p class='ocr_par' dir='ltr' id='par_1_4' title="bbox 398 2465 1793 2593">
     <span class='ocr_line' id='line_1_33' title="bbox 458 2465 1793 2526; baseline 0.003 -12"><span class='ocrx_word' id='word_1_224' title='bbox 458 2465 530 2515; x_wconf 77' lang='lat' dir='ltr'>Sic</span> <span class='ocrx_word' id='word_1_225' title='bbox 558 2472 692 2514; x_wconf 82' lang='lat' dir='ltr'>fuerit</span> <span class='ocrx_word' id='word_1_226' title='bbox 713 2472 917 2515; x_wconf 83' lang='lat' dir='ltr'>voluntas</span> <span class='ocrx_word' id='word_1_227' title='bbox 951 2472 998 2514; x_wconf 91' lang='lat' dir='ltr'>in</span> <span class='ocrx_word' id='word_1_228' title='bbox 1030 2473 1149 2526; x_wconf 85' lang='lat' dir='ltr'>coelo,</span> <span class='ocrx_word' id='word_1_229' title='bbox 1183 2473 1243 2517; x_wconf 88' lang='lat' dir='ltr'>sio</span> <span class='ocrx_word' id='word_1_230' title='bbox 1270 2475 1358 2518; x_wconf 82' lang='lat' dir='ltr'>fiat.</span> <span class='ocrx_word' id='word_1_231' title='bbox 1423 2474 1575 2517; x_wconf 89' lang='lat' dir='ltr'>Amen.</span> <span class='ocrx_word' id='word_1_232' title='bbox 1638 2474 1793 2519; x_wconf 86' lang='lat' dir='ltr'>Valete</span> 
     </span>
     <span class='ocr_line' id='line_1_34' title="bbox 398 2540 774 2593; baseline 0 -10"><span class='ocrx_word' id='word_1_233' title='bbox 398 2540 445 2583; x_wconf 89' lang='lat' dir='ltr'>in</span> <span class='ocrx_word' id='word_1_234' title='bbox 478 2540 664 2593; x_wconf 67' lang='lat' dir='ltr'>Christo,</span> <span class='ocrx_word' id='word_1_235' title='bbox 696 2543 774 2583; x_wconf 85' lang='lat' dir='ltr'>etc.</span> 
     </span>
    </p>
   </div>
   <div class='ocr_carea' id='block_1_5' title="bbox 638 2668 872 2674">
    <p class='ocr_par' dir='ltr' id='par_1_5' title="bbox 638 2668 872 2674">
     <span class='ocr_line' id='line_1_35' title="bbox 638 2668 872 2674; baseline 0 0"><span class='ocrx_word' id='word_1_236' title='bbox 638 2668 872 2674; x_wconf 95' lang='lat' dir='ltr'> </span> 
     </span>
    </p>
   </div>
   <div class='ocr_carea' id='block_1_6' title="bbox 1440 2670 1796 2677">
    <p class='ocr_par' dir='ltr' id='par_1_6' title="bbox 1440 2670 1796 2677">
     <span class='ocr_line' id='line_1_36' title="bbox 1440 2670 1796 2677; baseline 0 -1"><span class='ocrx_word' id='word_1_237' title='bbox 1440 2670 1796 2677; x_wconf 36' lang='lat' dir='ltr'>*tm-,W—</span> 
     </span>
    </p>
   </div>
   <div class='ocr_carea' id='block_1_7' title="bbox 446 2742 1336 2791">
    <p class='ocr_par' dir='ltr' id='par_1_7' title="bbox 446 2742 1336 2791">
     <span class='ocr_line' id='line_1_37' title="bbox 446 2742 1336 2791; baseline 0.001 -9"><span class='ocrx_word' id='word_1_238' title='bbox 446 2749 453 2770; x_wconf 85' lang='lat'>¹</span> <span class='ocrx_word' id='word_1_239' title='bbox 473 2748 528 2791; x_wconf 75' lang='lat' dir='ltr'>SO,</span> <span class='ocrx_word' id='word_1_240' title='bbox 546 2746 654 2781; x_wconf 60' lang='lat' dir='ltr'>literas</span> <span class='ocrx_word' id='word_1_241' title='bbox 670 2747 771 2791; x_wconf 80' lang='lat' dir='ltr'>being</span> <span class='ocrx_word' id='word_1_242' title='bbox 787 2744 931 2782; x_wconf 68' lang='lat' dir='ltr'>omitted,</span> <span class='ocrx_word' id='word_1_243' title='bbox 1199 2750 1212 2770; x_wconf 72' lang='lat'>²</span> <span class='ocrx_word' id='word_1_244' title='bbox 1229 2742 1336 2783; x_wconf 43' lang='lat' dir='ltr'>iccffto.</span> 
     </span>
    </p>
   </div>
  </div>
 </body>
</html>
