1905 3180
639 263 877 295 EPISTOLAE.
1413 255 1468 297 95

69 371 176 421 istis,
210 372 264 413 de
294 385 478 426 persona
523 372 608 413 nisi
641 388 718 428 per
762 373 882 414 illam
915 374 1002 414 stet
1034 371 1159 413 vobis
1192 372 1237 413 in
1274 371 1469 414 Domino

71 439 350 489 familiariori,
385 440 453 481 cui
496 441 702 482 concedat
744 441 916 482 utinam
963 440 1115 481 divina
1157 440 1355 496 dignatio
1394 441 1473 481 hu—

71 506 219 547 milem
251 506 404 547 salutis
437 508 674 548 scientiam.

132 573 180 615 Si
212 588 296 628 quo
327 574 455 615 modo
489 575 583 615 fieri
615 578 759 630 potest
790 575 1027 630 plurimum
1069 575 1264 616 desidero
1305 579 1355 616 ut
1393 575 1473 616 hnc

69 641 162 682 vice
193 641 302 682 fflud
334 642 580 697 impleatur,
617 643 851 683 divinitate
883 642 1086 697 propitia,
1121 642 1236 695 quod
1269 642 1471 696 frequen-

71 713 139 750 ter
170 709 303 750 locuti
345 710 449 750 estis
492 709 545 751 de
590 724 761 751 accessu
806 713 951 750 vestro
996 709 1051 749 ad
1095 709 1313 750 ecclesiam
1364 709 1476 750 Can-

71 775 236 817 tuariae.
317 776 372 817 In
408 776 488 818 hoc
520 781 564 818 et
600 778 647 818 in
688 777 838 818 multis
880 776 976 817 aliis
1019 776 1178 817 vellem
1230 780 1282 817 ut
1325 780 1476 818 sancta

72 846 230 885 vestrae
262 844 620 886 considerationis
652 844 869 885 industria
913 845 1076 885 nullius
1122 844 1207 885 nisi
1253 843 1476 885 benedicti

75 910 316 952 Salvatoris
348 912 542 966 requirat
575 927 807 953 assensum.
873 912 939 952 De
970 911 1157 966 negotio,
1192 925 1268 966 pro
1303 926 1388 966 quo
1420 912 1476 952 ad
1536 940 1543 943 γ

72 991 181 1020 meae
223 979 457 1034 parvitatis
499 980 768 1029 instantiam,
814 979 871 1020 sit
916 979 1042 1020 vobis
1086 979 1269 1034 desuper
1313 982 1477 1021 {eterna

73 1046 318 1097 retributio,
364 1047 534 1089 litteras
577 1051 667 1089 tam
720 1048 906 1103 benigne
962 1049 1188 1102 conceptas
1235 1047 1477 1089 venerabili

12 1156 13 1159 ,
73 1115 190 1169 patri
253 1115 430 1155 domino
478 1115 721 1157 VVintoniae
784 1119 828 1156 et
881 1115 1056 1156 domino
1118 1114 1253 1169 priori
1324 1115 1478 1156 Sancti

77 1181 331 1233 SWithuni,l
379 1198 455 1238 per
488 1182 701 1224 Thomam
746 1182 799 1223 de
833 1182 1019 1223 Marisco
1056 1182 1240 1224 latorem
1289 1196 1480 1237 praesen-

75 1250 188 1290 tium
219 1264 359 1305 nuper
405 1251 621 1292 destinare
656 1251 836 1306 dignum
885 1250 1085 1299 duxistis,
1131 1249 1478 1291 dominationem

74 1320 265 1359 vestram
297 1317 521 1360 humiliter
553 1319 757 1373 deprecor
787 1322 838 1358 ut
871 1318 1037 1359 dictum
1070 1317 1282 1358 Thomam
1325 1317 1478 1358 seriem

76 1385 143 1426 sui
189 1400 409 1441 processus
451 1385 711 1428 referentem
744 1386 980 1426 clementer
1024 1385 1173 1426 audire
1216 1385 1392 1436 velitis3
1436 1388 1480 1426 et

76 1453 113 1493 si
154 1453 307 1508 placet,
358 1453 594 1495 secundum
638 1453 754 1508 quod
797 1453 941 1493 visum
983 1452 1127 1501 fuerit,
1162 1452 1217 1493 ad
1260 1452 1356 1493 illos
1388 1452 1480 1493 sine

78 1520 236 1575 quibus
280 1521 571 1562 consummari
616 1520 771 1576 nequit
818 1523 1114 1576 opportunum
1162 1534 1238 1561 suo
1286 1523 1480 1575 tempore

76 1588 215 1630 facere
259 1603 513 1630 sermonem.
579 1588 738 1630 Nescio
781 1589 817 1629 si
859 1589 905 1629 in
946 1588 1026 1629 hoc
1058 1588 1172 1629 facto
1205 1588 1480 1644 reprehensio

70 1655 209 1710 justa‘
242 1671 383 1698 meam
440 1671 621 1712 arguere
677 1656 834 1697 debeat
883 1655 1195 1711 insipientiam.
1279 1655 1393 1706 Quia
1445 1655 1481 1696 si

77 1723 217 1765 cordis
277 1723 515 1765 clarissima
570 1725 630 1765 sic
685 1723 855 1779 judicet
909 1724 1122 1773 discretio,
1180 1724 1384 1765 laetanter
1434 1723 1481 1763 in

80 1791 255 1833 Christo
299 1792 507 1846 praesenti
554 1791 814 1847 supersedeo
871 1790 1174 1847 prosecutioni.
1259 1789 1480 1846 Propitius

79 1859 137 1899 sit
167 1859 276 1900 mihi
309 1859 496 1901 coelestis
528 1860 697 1900 consilii
741 1860 938 1909 ducatus,
972 1874 1025 1900 ne
1060 1858 1321 1913 quandoque
1353 1872 1482 1913 super

77 1941 125 1968 re
156 1927 386 1982 temporali
417 1927 553 1968 vestri
585 1927 656 1968 vel
699 1927 995 1981 cujuscunque
1026 1940 1287 1982 praesumam
1328 1925 1482 1966 sollici-

78 1998 171 2035 tare
202 1995 427 2049 pietatem,
462 1994 547 2035 nisi
593 1994 917 2035 rationabiliter
950 1994 1121 2036 credere
1153 1993 1334 2035 debeam
1366 1993 1483 2048 quod

78 2076 154 2117 per
185 2076 279 2102 eam
311 2076 412 2103 vere
454 2061 588 2102 saluti
620 2061 846 2103 serviatur.

140 2129 377 2170 Benedicta
422 2129 480 2170 sit
529 2129 613 2171 Dei
659 2129 882 2171 miseratio
925 2128 1117 2170 Domina
1159 2128 1317 2170 Juetta
1364 2142 1484 2169 soror

80 2200 239 2246 vestra,
286 2197 390 2238 licet
435 2197 605 2246 sensim,
658 2196 831 2252 proficit
883 2199 1033 2237 tamen
1088 2197 1144 2237 ad
1207 2195 1484 2237 incolumita-

79 2269 181 2305 tem.
261 2263 479 2315 PoteritiS,
528 2264 564 2305 si
611 2264 738 2305 vobis
783 2278 872 2305 non
903 2263 1140 2318 displiceat,
1190 2263 1484 2304 ministeriali-

80 2332 161 2373 bus
192 2331 426 2387 praecipere
457 2346 585 2387 super
617 2331 828 2373 Thomam
861 2332 913 2373 de
947 2332 1133 2372 Marisco
1156 2331 1260 2372 dum
1288 2334 1484 2372 moratur

78 2399 126 2440 in
171 2399 298 2440 domo
329 2403 487 2449 vestra,
532 2402 756 2454 parcentes
798 2400 936 2455 ipsius
968 2399 1254 2441 verecundiae.
1316 2399 1484 2440 Audivi

79 2467 426 2508 submurmurari
474 2468 591 2522 quod
637 2472 735 2522 post
780 2468 903 2509 istud
950 2467 1119 2508 instans
1156 2467 1483 2508 Parlamentum

81 2535 245 2576 domini
286 2535 399 2591 regis
436 2535 739 2591 disposueritis
780 2538 927 2591 partes
959 2536 1078 2576 adire
1111 2535 1480 2590 septentrionales,

79 2602 181 2644 inde
232 2617 506 2658 nequaquam
558 2603 796 2659 regressuri
853 2607 956 2644 ante
1016 2603 1238 2645 diutinum
1289 2606 1482 2644 tractum

127 2803 136 2821 ¹
155 2802 219 2844 Qy.
244 2803 336 2836 John
364 2803 464 2842 Caen,
490 2803 586 2835 Prior
616 2804 655 2835 of
682 2804 744 2850 St.v
763 2803 941 2845 Swhhin's,
982 2805 1174 2837 afterwards
1205 2804 1320 2836 Abbot
1348 2804 1386 2837 of
1420 2803 1483 2836 Pe-

79 2855 281 2898 terborough
302 2857 316 2888 Ρ
347 2856 409 2888 See
426 2856 508 2888 Mat,
533 2856 626 2888 Paris
642 2856 677 2887 in
701 2867 752 2889 an.
767 2860 862 2889 1249.

1128 2915 1298 2954 F8·¹—
