<?xml version="1.0" encoding="UTF-8"?>
<!DOCTYPE html PUBLIC "-//W3C//DTD XHTML 1.0 Transitional//EN"
    "http://www.w3.org/TR/xhtml1/DTD/xhtml1-transitional.dtd">
<html xmlns="http://www.w3.org/1999/xhtml" xml:lang="en" lang="en">
 <head>
  <title>
</title>
<meta http-equiv="Content-Type" content="text/html;charset=utf-8" />
  <meta name='ocr-system' content='tesseract 3.04.00' />
  <meta name='ocr-capabilities' content='ocr_page ocr_carea ocr_par ocr_line ocrx_word'/>
</head>
<body>
  <div class='ocr_page' id='page_1' title='image "./monumentafrancis01thom_0324.png"; bbox 0 0 1905 3180; ppageno 0'>
   <div class='ocr_carea' id='block_1_1' title="bbox 204 1606 407 1819">
    <p class='ocr_par' dir='ltr' id='par_1_1' title="bbox 204 1606 407 1819">
     <span class='ocr_line' id='line_1_1' title="bbox 205 1606 350 1640; baseline 0.007 -1"><span class='ocrx_word' id='word_1_1' title='bbox 205 1606 276 1639; x_wconf 87' lang='lat' dir='ltr'>The</span> <span class='ocrx_word' id='word_1_2' title='bbox 292 1619 350 1640; x_wconf 84' lang='lat' dir='ltr'>ex-</span> 
     </span>
     <span class='ocr_line' id='line_1_2' title="bbox 204 1654 386 1684; baseline 0.005 -1"><span class='ocrx_word' id='word_1_3' title='bbox 204 1654 386 1684; x_wconf 86' lang='lat' dir='ltr'>communi-</span> 
     </span>
     <span class='ocr_line' id='line_1_3' title="bbox 204 1697 369 1729; baseline 0.012 -2"><span class='ocrx_word' id='word_1_4' title='bbox 204 1697 314 1728; x_wconf 83' lang='lat' dir='ltr'>cation</span> <span class='ocrx_word' id='word_1_5' title='bbox 330 1698 369 1729; x_wconf 90' lang='lat' dir='ltr'>of</span> 
     </span>
     <span class='ocr_line' id='line_1_4' title="bbox 204 1742 399 1783; baseline 0.005 -11"><span class='ocrx_word' id='word_1_6' title='bbox 204 1742 259 1773; x_wconf 78' lang='lat' dir='ltr'>the</span> <span class='ocrx_word' id='word_1_7' title='bbox 273 1742 399 1783; x_wconf 84' lang='lat' dir='ltr'>Bishop</span> 
     </span>
     <span class='ocr_line' id='line_1_5' title="bbox 205 1787 407 1819; baseline 0.01 -2"><span class='ocrx_word' id='word_1_8' title='bbox 205 1787 243 1817; x_wconf 85' lang='lat' dir='ltr'>of</span> <span class='ocrx_word' id='word_1_9' title='bbox 259 1787 407 1819; x_wconf 89' lang='lat' dir='ltr'>London.</span> 
     </span>
    </p>
   </div>
   <div class='ocr_carea' id='block_1_2' title="bbox 207 2111 389 2145">
    <p class='ocr_par' dir='ltr' id='par_1_2' title="bbox 207 2111 389 2145">
     <span class='ocr_line' id='line_1_6' title="bbox 207 2111 389 2145; baseline 0.005 -1"><span class='ocrx_word' id='word_1_10' title='bbox 207 2111 283 2144; x_wconf 77' lang='lat' dir='ltr'>Jan.</span> <span class='ocrx_word' id='word_1_11' title='bbox 304 2112 389 2145; x_wconf 74' lang='grc'>14111.</span> 
     </span>
    </p>
   </div>
   <div class='ocr_carea' id='block_1_3' title="bbox 418 240 1343 281">
    <p class='ocr_par' dir='ltr' id='par_1_3' title="bbox 418 240 1343 281">
     <span class='ocr_line' id='line_1_7' title="bbox 418 240 1343 281; baseline -0.006 -1"><span class='ocrx_word' id='word_1_12' title='bbox 418 243 436 280; x_wconf 85' lang='lat'>1</span> <span class='ocrx_word' id='word_1_13' title='bbox 448 240 502 281; x_wconf 69' lang='lat'>&lt;56</span> <span class='ocrx_word' id='word_1_14' title='bbox 917 246 958 277; x_wconf 75' lang='lat' dir='ltr'>A]</span> <span class='ocrx_word' id='word_1_15' title='bbox 968 248 1020 277; x_wconf 71' lang='lat' dir='ltr'>›AE</span> <span class='ocrx_word' id='word_1_16' title='bbox 1054 247 1114 277; x_wconf 77' lang='lat' dir='ltr'>DE</span> <span class='ocrx_word' id='word_1_17' title='bbox 1147 244 1343 277; x_wconf 65' lang='lat' dir='ltr'>MAl-usco</span> 
     </span>
    </p>
   </div>
   <div class='ocr_carea' id='block_1_4' title="bbox 415 359 1828 1086">
    <p class='ocr_par' dir='ltr' id='par_1_4' title="bbox 415 359 1828 1086">
     <span class='ocr_line' id='line_1_8' title="bbox 415 359 1822 418; baseline -0.001 -15"><span class='ocrx_word' id='word_1_18' title='bbox 415 362 656 418; x_wconf 79' lang='lat' dir='ltr'>vigilemus,</span> <span class='ocrx_word' id='word_1_19' title='bbox 700 364 745 403; x_wconf 84' lang='lat' dir='ltr'>et</span> <span class='ocrx_word' id='word_1_20' title='bbox 789 375 957 402; x_wconf 85' lang='lat' dir='ltr'>oremus</span> <span class='ocrx_word' id='word_1_21' title='bbox 1000 361 1045 401; x_wconf 89' lang='lat' dir='ltr'>in</span> <span class='ocrx_word' id='word_1_22' title='bbox 1088 361 1314 402; x_wconf 81' lang='lat' dir='ltr'>benedicto</span> <span class='ocrx_word' id='word_1_23' title='bbox 1358 360 1441 401; x_wconf 87' lang='lat' dir='ltr'>Dei</span> <span class='ocrx_word' id='word_1_24' title='bbox 1485 360 1598 401; x_wconf 89' lang='lat' dir='ltr'>Filio</span> <span class='ocrx_word' id='word_1_25' title='bbox 1641 359 1822 410; x_wconf 84' lang='lat' dir='ltr'>dicente,</span> 
     </span>
     <span class='ocr_line' id='line_1_9' title="bbox 419 428 1824 485; baseline -0.001 -15"><span class='ocrx_word' id='word_1_26' title='bbox 419 434 440 452; x_wconf 76' lang='lat'>‘⁶</span> <span class='ocrx_word' id='word_1_27' title='bbox 475 430 582 472; x_wconf 81' lang='lat' dir='ltr'>Ecce</span> <span class='ocrx_word' id='word_1_28' title='bbox 621 444 698 485; x_wconf 81' lang='lat' dir='ltr'>ego</span> <span class='ocrx_word' id='word_1_29' title='bbox 736 429 960 471; x_wconf 85' lang='lat' dir='ltr'>vobiscum</span> <span class='ocrx_word' id='word_1_30' title='bbox 997 444 1092 470; x_wconf 88' lang='lat' dir='ltr'>sum</span> <span class='ocrx_word' id='word_1_31' title='bbox 1134 444 1269 484; x_wconf 84' lang='lat' dir='ltr'>usque</span> <span class='ocrx_word' id='word_1_32' title='bbox 1311 429 1367 469; x_wconf 87' lang='lat' dir='ltr'>ad</span> <span class='ocrx_word' id='word_1_33' title='bbox 1409 428 1824 470; x_wconf 69' lang='lat' dir='ltr'>consummationem</span> 
     </span>
     <span class='ocr_line' id='line_1_10' title="bbox 417 496 1826 553; baseline -0.001 -15"><span class='ocrx_word' id='word_1_34' title='bbox 417 502 442 519; x_wconf 86' lang='lat'><strong>“</strong></span> <span class='ocrx_word' id='word_1_35' title='bbox 474 497 658 540; x_wconf 65' lang='lat' dir='ltr'>szeculi.&#39;&#39;</span> <span class='ocrx_word' id='word_1_36' title='bbox 720 498 767 540; x_wconf 74' lang='lat' dir='ltr'>Si</span> <span class='ocrx_word' id='word_1_37' title='bbox 810 498 925 539; x_wconf 90' lang='lat' dir='ltr'>enim</span> <span class='ocrx_word' id='word_1_38' title='bbox 969 497 1060 553; x_wconf 82' lang='lat' dir='ltr'>ipse</span> <span class='ocrx_word' id='word_1_39' title='bbox 1102 512 1179 552; x_wconf 87' lang='lat' dir='ltr'>pro</span> <span class='ocrx_word' id='word_1_40' title='bbox 1222 496 1345 538; x_wconf 85' lang='lat' dir='ltr'>nobis</span> <span class='ocrx_word' id='word_1_41' title='bbox 1388 497 1485 551; x_wconf 86' lang='lat' dir='ltr'>quis</span> <span class='ocrx_word' id='word_1_42' title='bbox 1527 499 1678 538; x_wconf 89' lang='lat' dir='ltr'>contra</span> <span class='ocrx_word' id='word_1_43' title='bbox 1718 498 1826 537; x_wconf 70' lang='lat' dir='ltr'>nos?</span> 
     </span>
     <span class='ocr_line' id='line_1_11' title="bbox 420 564 1826 621; baseline -0.001 -15"><span class='ocrx_word' id='word_1_44' title='bbox 420 570 443 588; x_wconf 87' lang='lat'><em>“</em></span> <span class='ocrx_word' id='word_1_45' title='bbox 476 566 594 607; x_wconf 87' lang='lat' dir='ltr'>Data</span> <span class='ocrx_word' id='word_1_46' title='bbox 625 570 690 608; x_wconf 91' lang='lat' dir='ltr'>est</span> <span class='ocrx_word' id='word_1_47' title='bbox 726 565 872 618; x_wconf 78' lang='lat' dir='ltr'>mihi‚”</span> <span class='ocrx_word' id='word_1_48' title='bbox 910 565 1069 620; x_wconf 83' lang='lat' dir='ltr'>inquit,</span> <span class='ocrx_word' id='word_1_49' title='bbox 1108 565 1286 606; x_wconf 86' lang='lat' dir='ltr'>“omnis</span> <span class='ocrx_word' id='word_1_50' title='bbox 1318 568 1509 621; x_wconf 85' lang='lat' dir='ltr'>potestas</span> <span class='ocrx_word' id='word_1_51' title='bbox 1540 565 1587 605; x_wconf 88' lang='lat' dir='ltr'>in</span> <span class='ocrx_word' id='word_1_52' title='bbox 1630 564 1737 606; x_wconf 89' lang='lat' dir='ltr'>coelo</span> <span class='ocrx_word' id='word_1_53' title='bbox 1781 566 1826 605; x_wconf 91' lang='lat' dir='ltr'>et</span> 
     </span>
     <span class='ocr_line' id='line_1_12' title="bbox 421 631 1825 689; baseline -0.001 -14"><span class='ocrx_word' id='word_1_54' title='bbox 421 639 442 656; x_wconf 75' lang='lat'>‘⁴</span> <span class='ocrx_word' id='word_1_55' title='bbox 474 633 520 675; x_wconf 92' lang='lat' dir='ltr'>in</span> <span class='ocrx_word' id='word_1_56' title='bbox 553 633 704 676; x_wconf 77' lang='lat' dir='ltr'>terra.&#39;&#39;</span> <span class='ocrx_word' id='word_1_57' title='bbox 766 633 836 675; x_wconf 77' lang='lat' dir='ltr'>Sit</span> <span class='ocrx_word' id='word_1_58' title='bbox 872 633 996 675; x_wconf 81' lang='lat' dir='ltr'>vobis</span> <span class='ocrx_word' id='word_1_59' title='bbox 1038 633 1192 683; x_wconf 73' lang='lat' dir='ltr'>virtus,</span> <span class='ocrx_word' id='word_1_60' title='bbox 1245 632 1470 689; x_wconf 77' lang='lat' dir='ltr'>sapientia,</span> <span class='ocrx_word' id='word_1_61' title='bbox 1524 631 1825 682; x_wconf 83' lang='lat' dir='ltr'>sanctificatio,</span> 
     </span>
     <span class='ocr_line' id='line_1_13' title="bbox 421 699 1824 757; baseline -0.002 -13"><span class='ocrx_word' id='word_1_62' title='bbox 421 702 620 745; x_wconf 81' lang='lat' dir='ltr'>Christus</span> <span class='ocrx_word' id='word_1_63' title='bbox 668 702 750 743; x_wconf 87' lang='lat' dir='ltr'>Dei</span> <span class='ocrx_word' id='word_1_64' title='bbox 798 702 953 753; x_wconf 76' lang='lat' dir='ltr'>virtus,</span> <span class='ocrx_word' id='word_1_65' title='bbox 1004 701 1085 743; x_wconf 87' lang='lat' dir='ltr'>Dei</span> <span class='ocrx_word' id='word_1_66' title='bbox 1124 701 1351 757; x_wconf 85' lang='lat' dir='ltr'>sapientia,</span> <span class='ocrx_word' id='word_1_67' title='bbox 1399 701 1481 742; x_wconf 86' lang='lat' dir='ltr'>Dei</span> <span class='ocrx_word' id='word_1_68' title='bbox 1530 699 1824 742; x_wconf 88' lang='lat' dir='ltr'>sanctificatio.</span> 
     </span>
     <span class='ocr_line' id='line_1_14' title="bbox 421 767 1826 825; baseline -0.001 -14"><span class='ocrx_word' id='word_1_69' title='bbox 421 770 666 812; x_wconf 85' lang='lat' dir='ltr'>Mundanos</span> <span class='ocrx_word' id='word_1_70' title='bbox 697 771 894 812; x_wconf 88' lang='lat' dir='ltr'>incursus</span> <span class='ocrx_word' id='word_1_71' title='bbox 935 769 1233 825; x_wconf 70' lang='lat' dir='ltr'>superabimus</span> <span class='ocrx_word' id='word_1_72' title='bbox 1274 769 1310 810; x_wconf 89' lang='lat' dir='ltr'>si</span> <span class='ocrx_word' id='word_1_73' title='bbox 1342 768 1594 824; x_wconf 75' lang='lat' dir='ltr'>subigamus</span> <span class='ocrx_word' id='word_1_74' title='bbox 1637 767 1826 824; x_wconf 84' lang='lat' dir='ltr'>impetus</span> 
     </span>
     <span class='ocr_line' id='line_1_15' title="bbox 419 835 1826 892; baseline -0.003 -13"><span class='ocrx_word' id='word_1_75' title='bbox 419 837 639 880; x_wconf 82' lang='lat' dir='ltr'>animales.</span> <span class='ocrx_word' id='word_1_76' title='bbox 703 838 821 879; x_wconf 84' lang='lat' dir='ltr'>Novi</span> <span class='ocrx_word' id='word_1_77' title='bbox 867 837 969 892; x_wconf 83' lang='lat' dir='ltr'>quia</span> <span class='ocrx_word' id='word_1_78' title='bbox 1010 838 1148 879; x_wconf 83' lang='lat' dir='ltr'>nostis</span> <span class='ocrx_word' id='word_1_79' title='bbox 1187 836 1292 892; x_wconf 84' lang='lat' dir='ltr'>quid</span> <span class='ocrx_word' id='word_1_80' title='bbox 1323 836 1486 892; x_wconf 84' lang='lat' dir='ltr'>loquor.</span> <span class='ocrx_word' id='word_1_81' title='bbox 1549 835 1674 878; x_wconf 92' lang='lat' dir='ltr'>Nihil</span> <span class='ocrx_word' id='word_1_82' title='bbox 1717 835 1826 876; x_wconf 90' lang='grc'>1111111</span> 
     </span>
     <span class='ocr_line' id='line_1_16' title="bbox 420 903 1828 960; baseline -0.002 -13"><span class='ocrx_word' id='word_1_83' title='bbox 420 906 503 948; x_wconf 85' lang='lat' dir='ltr'>isto</span> <span class='ocrx_word' id='word_1_84' title='bbox 556 906 607 948; x_wconf 89' lang='lat' dir='ltr'>de</span> <span class='ocrx_word' id='word_1_85' title='bbox 649 905 773 947; x_wconf 85' lang='lat' dir='ltr'>vobis</span> <span class='ocrx_word' id='word_1_86' title='bbox 804 906 884 947; x_wconf 82' lang='lat' dir='ltr'>sub</span> <span class='ocrx_word' id='word_1_87' title='bbox 928 906 1035 947; x_wconf 77' lang='grc'>00010</span> <span class='ocrx_word' id='word_1_88' title='bbox 1077 905 1414 956; x_wconf 68' lang='lat' dir='ltr'>desiderabilius,</span> <span class='ocrx_word' id='word_1_89' title='bbox 1456 905 1547 946; x_wconf 86' lang='lat' dir='ltr'>sine</span> <span class='ocrx_word' id='word_1_90' title='bbox 1589 919 1674 960; x_wconf 88' lang='lat' dir='ltr'>quo</span> <span class='ocrx_word' id='word_1_91' title='bbox 1715 903 1828 945; x_wconf 87' lang='lat' dir='ltr'>nihil</span> 
     </span>
     <span class='ocr_line' id='line_1_17' title="bbox 421 972 1828 1029; baseline -0.001 -13"><span class='ocrx_word' id='word_1_92' title='bbox 421 973 629 1028; x_wconf 73' lang='lat' dir='ltr'>validum,</span> <span class='ocrx_word' id='word_1_93' title='bbox 672 973 783 1014; x_wconf 90' lang='lat' dir='ltr'>nihil</span> <span class='ocrx_word' id='word_1_94' title='bbox 812 988 977 1026; x_wconf 78' lang='lat' dir='ltr'>verum,</span> <span class='ocrx_word' id='word_1_95' title='bbox 1009 972 1120 1014; x_wconf 87' lang='lat' dir='ltr'>nihil</span> <span class='ocrx_word' id='word_1_96' title='bbox 1152 973 1305 1015; x_wconf 77' lang='lat' dir='ltr'>vivum</span> <span class='ocrx_word' id='word_1_97' title='bbox 1340 973 1588 1029; x_wconf 84' lang='lat' dir='ltr'>bonumque</span> <span class='ocrx_word' id='word_1_98' title='bbox 1630 976 1828 1028; x_wconf 80' lang='lat' dir='ltr'>expecta-</span> 
     </span>
     <span class='ocr_line' id='line_1_18' title="bbox 421 1043 551 1086; baseline 0.008 -1"><span class='ocrx_word' id='word_1_99' title='bbox 421 1043 551 1086; x_wconf 86' lang='lat' dir='ltr'>bitur.</span> 
     </span>
    </p>
   </div>
   <div class='ocr_carea' id='block_1_5' title="bbox 724 1488 1551 1532">
    <p class='ocr_par' dir='ltr' id='par_1_5' title="bbox 724 1488 1551 1532">
     <span class='ocr_line' id='line_1_19' title="bbox 724 1488 1551 1532; baseline -0.002 -1"><span class='ocrx_word' id='word_1_100' title='bbox 724 1489 924 1532; x_wconf 65' lang='lat' dir='ltr'>Domino</span> <span class='ocrx_word' id='word_1_101' title='bbox 956 1488 1211 1531; x_wconf 67' lang='lat' dir='ltr'>Litzcolm&#39;w</span> <span class='ocrx_word' id='word_1_102' title='bbox 1241 1488 1403 1531; x_wconf 68' lang='lat' dir='ltr'>Frater</span> <span class='ocrx_word' id='word_1_103' title='bbox 1433 1488 1551 1531; x_wconf 65' lang='lat' dir='ltr'>Ada.</span> 
     </span>
    </p>
   </div>
   <div class='ocr_carea' id='block_1_6' title="bbox 426 1615 1829 2893">
    <p class='ocr_par' dir='ltr' id='par_1_6' title="bbox 426 1615 1829 2893">
     <span class='ocr_line' id='line_1_20' title="bbox 490 1615 1828 1664; baseline -0.002 -5"><span class='ocrx_word' id='word_1_104' title='bbox 490 1617 557 1659; x_wconf 87' lang='lat' dir='ltr'>Ut</span> <span class='ocrx_word' id='word_1_105' title='bbox 601 1617 790 1658; x_wconf 88' lang='lat' dir='ltr'>arbitror</span> <span class='ocrx_word' id='word_1_106' title='bbox 834 1615 888 1657; x_wconf 88' lang='lat' dir='ltr'>ob</span> <span class='ocrx_word' id='word_1_107' title='bbox 936 1615 1168 1656; x_wconf 81' lang='lat' dir='ltr'>nonnullas</span> <span class='ocrx_word' id='word_1_108' title='bbox 1201 1630 1358 1664; x_wconf 77' lang='lat' dir='ltr'>causas,</span> <span class='ocrx_word' id='word_1_109' title='bbox 1408 1618 1500 1656; x_wconf 79' lang='lat' dir='ltr'>tam</span> <span class='ocrx_word' id='word_1_110' title='bbox 1547 1615 1828 1657; x_wconf 72' lang='lat' dir='ltr'>rationabiles</span> 
     </span>
     <span class='ocr_line' id='line_1_21' title="bbox 426 1682 1828 1742; baseline -0.002 -15"><span class='ocrx_word' id='word_1_111' title='bbox 426 1701 555 1742; x_wconf 82' lang='lat' dir='ltr'>quam</span> <span class='ocrx_word' id='word_1_112' title='bbox 588 1685 808 1733; x_wconf 79' lang='lat' dir='ltr'>salutares,</span> <span class='ocrx_word' id='word_1_113' title='bbox 842 1683 1119 1739; x_wconf 62' lang='lat' dir='ltr'>rescripsistis</span> <span class='ocrx_word' id='word_1_114' title='bbox 1159 1683 1333 1725; x_wconf 86' lang='lat' dir='ltr'>domino</span> <span class='ocrx_word' id='word_1_115' title='bbox 1367 1682 1673 1725; x_wconf 83' lang='lat' dir='ltr'>Oantuariensi</span> <span class='ocrx_word' id='word_1_116' title='bbox 1712 1683 1828 1739; x_wconf 86' lang='lat' dir='ltr'>quod</span> 
     </span>
     <span class='ocr_line' id='line_1_22' title="bbox 427 1751 1827 1807; baseline -0.002 -12"><span class='ocrx_word' id='word_1_117' title='bbox 427 1753 625 1796; x_wconf 73' lang='lat' dir='ltr'>executio</span> <span class='ocrx_word' id='word_1_118' title='bbox 658 1767 837 1794; x_wconf 67' lang='grc' dir='ltr'>511111111ὶο</span> <span class='ocrx_word' id='word_1_119' title='bbox 867 1751 1325 1793; x_wconf 69' lang='lat' dir='ltr'>excommunicationis</span> <span class='ocrx_word' id='word_1_120' title='bbox 1350 1751 1536 1793; x_wconf 56' lang='lat' dir='ltr'>ferendae</span> <span class='ocrx_word' id='word_1_121' title='bbox 1565 1766 1642 1807; x_wconf 85' lang='lat' dir='ltr'>pro</span> <span class='ocrx_word' id='word_1_122' title='bbox 1668 1751 1827 1807; x_wconf 77' lang='lat' dir='ltr'>injuria</span> 
     </span>
     <span class='ocr_line' id='line_1_23' title="bbox 429 1819 1827 1876; baseline -0.001 -13"><span class='ocrx_word' id='word_1_123' title='bbox 429 1821 758 1864; x_wconf 78' lang='lat' dir='ltr'>Cantuariensis</span> <span class='ocrx_word' id='word_1_124' title='bbox 800 1819 987 1862; x_wconf 74' lang='lat' dir='ltr'>ecelesiae</span> <span class='ocrx_word' id='word_1_125' title='bbox 1031 1834 1169 1876; x_wconf 87' lang='lat' dir='ltr'>nuper</span> <span class='ocrx_word' id='word_1_126' title='bbox 1200 1819 1246 1860; x_wconf 88' lang='lat' dir='ltr'>in</span> <span class='ocrx_word' id='word_1_127' title='bbox 1278 1820 1472 1861; x_wconf 86' lang='lat' dir='ltr'>manerio</span> <span class='ocrx_word' id='word_1_128' title='bbox 1504 1820 1555 1861; x_wconf 87' lang='lat' dir='ltr'>de</span> <span class='ocrx_word' id='word_1_129' title='bbox 1590 1820 1827 1861; x_wconf 84' lang='lat' dir='ltr'>Lambethe</span> 
     </span>
     <span class='ocr_line' id='line_1_24' title="bbox 427 1887 1826 1944; baseline -0.001 -13"><span class='ocrx_word' id='word_1_130' title='bbox 427 1891 564 1939; x_wconf 86' lang='lat' dir='ltr'>illata,</span> <span class='ocrx_word' id='word_1_131' title='bbox 609 1903 705 1944; x_wconf 77' lang='lat' dir='ltr'>quae</span> <span class='ocrx_word' id='word_1_132' title='bbox 738 1903 931 1930; x_wconf 88' lang='lat' dir='ltr'>sermone</span> <span class='ocrx_word' id='word_1_133' title='bbox 978 1888 1212 1943; x_wconf 83' lang='lat' dir='ltr'>multiplici</span> <span class='ocrx_word' id='word_1_134' title='bbox 1244 1887 1370 1943; x_wconf 78' lang='lat' dir='ltr'>longe</span> <span class='ocrx_word' id='word_1_135' title='bbox 1401 1888 1574 1943; x_wconf 83' lang='lat' dir='ltr'>lateque</span> <span class='ocrx_word' id='word_1_136' title='bbox 1618 1888 1826 1944; x_wconf 90' lang='lat' dir='ltr'>populum</span> 
     </span>
     <span class='ocr_line' id='line_1_25' title="bbox 429 1956 1829 2012; baseline -0.001 -12"><span class='ocrx_word' id='word_1_137' title='bbox 429 1963 473 2000; x_wconf 89' lang='lat' dir='ltr'>et</span> <span class='ocrx_word' id='word_1_138' title='bbox 517 1957 676 2000; x_wconf 89' lang='lat' dir='ltr'>clerum</span> <span class='ocrx_word' id='word_1_139' title='bbox 729 1957 846 1998; x_wconf 87' lang='lat' dir='ltr'>fama</span> <span class='ocrx_word' id='word_1_140' title='bbox 888 1956 1114 1998; x_wconf 83' lang='lat' dir='ltr'>laborante</span> <span class='ocrx_word' id='word_1_141' title='bbox 1174 1956 1372 2011; x_wconf 86' lang='lat' dir='ltr'>replevit,</span> <span class='ocrx_word' id='word_1_142' title='bbox 1420 1956 1511 1997; x_wconf 88' lang='lat' dir='ltr'>sine</span> <span class='ocrx_word' id='word_1_143' title='bbox 1555 1956 1829 2012; x_wconf 77' lang='lat' dir='ltr'>displicentia</span> 
     </span>
     <span class='ocr_line' id='line_1_26' title="bbox 428 2024 1829 2081; baseline -0.002 -13"><span class='ocrx_word' id='word_1_144' title='bbox 428 2026 618 2081; x_wconf 85' lang='lat' dir='ltr'>ejusdem</span> <span class='ocrx_word' id='word_1_145' title='bbox 650 2025 815 2066; x_wconf 89' lang='lat' dir='ltr'>domini</span> <span class='ocrx_word' id='word_1_146' title='bbox 847 2024 1101 2065; x_wconf 88' lang='lat' dir='ltr'>dilationem</span> <span class='ocrx_word' id='word_1_147' title='bbox 1145 2024 1363 2080; x_wconf 84' lang='lat' dir='ltr'>suscipiat,</span> <span class='ocrx_word' id='word_1_148' title='bbox 1410 2038 1631 2080; x_wconf 85' lang='lat' dir='ltr'>quousque</span> <span class='ocrx_word' id='word_1_149' title='bbox 1662 2025 1718 2065; x_wconf 85' lang='lat' dir='ltr'>ad</span> <span class='ocrx_word' id='word_1_150' title='bbox 1764 2025 1829 2065; x_wconf 93' lang='lat' dir='ltr'>in-</span> 
     </span>
     <span class='ocr_line' id='line_1_27' title="bbox 429 2091 1828 2148; baseline -0.001 -13"><span class='ocrx_word' id='word_1_151' title='bbox 429 2098 548 2135; x_wconf 81' lang='lat' dir='ltr'>stans</span> <span class='ocrx_word' id='word_1_152' title='bbox 594 2094 754 2135; x_wconf 85' lang='lat' dir='ltr'>festum</span> <span class='ocrx_word' id='word_1_153' title='bbox 800 2092 862 2134; x_wconf 83' lang='lat' dir='ltr'>St.</span> <span class='ocrx_word' id='word_1_154' title='bbox 908 2092 1071 2133; x_wconf 86' lang='lat' dir='ltr'>Hilarii</span> <span class='ocrx_word' id='word_1_155' title='bbox 1112 2091 1358 2133; x_wconf 85' lang='lat' dir='ltr'>Londinum</span> <span class='ocrx_word' id='word_1_156' title='bbox 1402 2092 1568 2148; x_wconf 85' lang='lat' dir='ltr'>pariter</span> <span class='ocrx_word' id='word_1_157' title='bbox 1599 2107 1695 2133; x_wconf 86' lang='lat' dir='ltr'>cuin</span> <span class='ocrx_word' id='word_1_158' title='bbox 1732 2092 1828 2134; x_wconf 87' lang='lat' dir='ltr'>aliis</span> 
     </span>
     <span class='ocr_line' id='line_1_28' title="bbox 430 2160 1827 2217; baseline -0.001 -14"><span class='ocrx_word' id='word_1_159' title='bbox 430 2161 637 2217; x_wconf 84' lang='lat' dir='ltr'>episcopis</span> <span class='ocrx_word' id='word_1_160' title='bbox 668 2160 946 2215; x_wconf 60' lang='lat' dir='ltr'>prasentiam</span> <span class='ocrx_word' id='word_1_161' title='bbox 979 2160 1112 2215; x_wconf 87' lang='lat' dir='ltr'>ipsius</span> <span class='ocrx_word' id='word_1_162' title='bbox 1144 2160 1429 2215; x_wconf 82' lang='lat' dir='ltr'>personaliter</span> <span class='ocrx_word' id='word_1_163' title='bbox 1471 2161 1646 2202; x_wconf 87' lang='lat' dir='ltr'>adeatis.</span> <span class='ocrx_word' id='word_1_164' title='bbox 1712 2161 1827 2212; x_wconf 75' lang='lat' dir='ltr'>Quo-</span> 
     </span>
     <span class='ocr_line' id='line_1_29' title="bbox 430 2227 1829 2284; baseline 0 -14"><span class='ocrx_word' id='word_1_165' title='bbox 430 2230 541 2270; x_wconf 78' lang='lat' dir='ltr'>circa</span> <span class='ocrx_word' id='word_1_166' title='bbox 573 2228 653 2269; x_wconf 89' lang='lat' dir='ltr'>hoc</span> <span class='ocrx_word' id='word_1_167' title='bbox 683 2242 787 2282; x_wconf 75' lang='lat' dir='ltr'>rogo</span> <span class='ocrx_word' id='word_1_168' title='bbox 839 2228 1066 2269; x_wconf 89' lang='lat' dir='ltr'>humiliter</span> <span class='ocrx_word' id='word_1_169' title='bbox 1096 2227 1353 2283; x_wconf 31' lang='lat' dir='ltr'>supplicans)</span> <span class='ocrx_word' id='word_1_170' title='bbox 1388 2228 1503 2282; x_wconf 79' lang='lat' dir='ltr'>quod</span> <span class='ocrx_word' id='word_1_171' title='bbox 1534 2229 1619 2270; x_wconf 88' lang='lat' dir='ltr'>scio</span> <span class='ocrx_word' id='word_1_172' title='bbox 1656 2232 1829 2284; x_wconf 83' lang='lat' dir='ltr'>postpo-</span> 
     </span>
     <span class='ocr_line' id='line_1_30' title="bbox 431 2295 1828 2338; baseline 0 -1"><span class='ocrx_word' id='word_1_173' title='bbox 431 2297 527 2337; x_wconf 84' lang='lat' dir='ltr'>sitis</span> <span class='ocrx_word' id='word_1_174' title='bbox 563 2299 683 2336; x_wconf 87' lang='lat' dir='ltr'>metu</span> <span class='ocrx_word' id='word_1_175' title='bbox 725 2295 999 2336; x_wconf 65' lang='lat' dir='ltr'>saevientium</span> <span class='ocrx_word' id='word_1_176' title='bbox 1043 2299 1088 2336; x_wconf 91' lang='lat' dir='ltr'>et</span> <span class='ocrx_word' id='word_1_177' title='bbox 1134 2295 1455 2337; x_wconf 81' lang='lat' dir='ltr'>blandientium</span> <span class='ocrx_word' id='word_1_178' title='bbox 1504 2296 1652 2338; x_wconf 84' lang='lat' dir='ltr'>illectu</span> <span class='ocrx_word' id='word_1_179' title='bbox 1698 2311 1828 2338; x_wconf 60' lang='grc'>(011111-</span> 
     </span>
     <span class='ocr_line' id='line_1_31' title="bbox 429 2363 1828 2418; baseline 0 -13"><span class='ocrx_word' id='word_1_180' title='bbox 429 2363 606 2405; x_wconf 83' lang='lat' dir='ltr'>lationis</span> <span class='ocrx_word' id='word_1_181' title='bbox 649 2366 805 2404; x_wconf 69' lang='lat' dir='ltr'>vestrae</span> <span class='ocrx_word' id='word_1_182' title='bbox 847 2363 988 2403; x_wconf 86' lang='lat' dir='ltr'>virtus</span> <span class='ocrx_word' id='word_1_183' title='bbox 1035 2363 1340 2418; x_wconf 84' lang='lat' dir='ltr'>circumspecta</span> <span class='ocrx_word' id='word_1_184' title='bbox 1371 2364 1507 2405; x_wconf 82' lang='lat' dir='ltr'>facere</span> <span class='ocrx_word' id='word_1_185' title='bbox 1538 2379 1625 2405; x_wconf 89' lang='grc'>11011</span> <span class='ocrx_word' id='word_1_186' title='bbox 1656 2368 1828 2406; x_wconf 79' lang='lat' dir='ltr'>cuncta-</span> 
     </span>
     <span class='ocr_line' id='line_1_32' title="bbox 430 2430 1827 2485; baseline 0.001 -13"><span class='ocrx_word' id='word_1_187' title='bbox 430 2431 560 2479; x_wconf 83' lang='lat' dir='ltr'>bitur,</span> <span class='ocrx_word' id='word_1_188' title='bbox 608 2434 659 2471; x_wconf 91' lang='lat' dir='ltr'>ut</span> <span class='ocrx_word' id='word_1_189' title='bbox 690 2430 909 2485; x_wconf 80' lang='lat' dir='ltr'>perpensis</span> <span class='ocrx_word' id='word_1_190' title='bbox 941 2443 1165 2471; x_wconf 81' lang='lat' dir='ltr'>causarum</span> <span class='ocrx_word' id='word_1_191' title='bbox 1198 2430 1365 2471; x_wconf 86' lang='lat' dir='ltr'>meritis</span> <span class='ocrx_word' id='word_1_192' title='bbox 1408 2435 1453 2472; x_wconf 87' lang='lat' dir='ltr'>et</span> <span class='ocrx_word' id='word_1_193' title='bbox 1497 2431 1579 2472; x_wconf 84' lang='lat' dir='ltr'>Dei</span> <span class='ocrx_word' id='word_1_194' title='bbox 1622 2431 1827 2473; x_wconf 84' lang='lat' dir='ltr'>honorem</span> 
     </span>
     <span class='ocr_line' id='line_1_33' title="bbox 431 2497 1828 2553; baseline 0.001 -13"><span class='ocrx_word' id='word_1_195' title='bbox 431 2502 475 2540; x_wconf 92' lang='lat' dir='ltr'>et</span> <span class='ocrx_word' id='word_1_196' title='bbox 507 2498 690 2539; x_wconf 86' lang='lat' dir='ltr'>salutem</span> <span class='ocrx_word' id='word_1_197' title='bbox 723 2497 908 2539; x_wconf 74' lang='lat' dir='ltr'>ecclesiae</span> <span class='ocrx_word' id='word_1_198' title='bbox 937 2497 1159 2553; x_wconf 85' lang='lat' dir='ltr'>potissime</span> <span class='ocrx_word' id='word_1_199' title='bbox 1185 2498 1520 2553; x_wconf 87' lang='lat' dir='ltr'>respicientium,</span> <span class='ocrx_word' id='word_1_200' title='bbox 1547 2500 1602 2540; x_wconf 89' lang='lat' dir='ltr'>ad</span> <span class='ocrx_word' id='word_1_201' title='bbox 1624 2499 1828 2542; x_wconf 82' lang='lat' dir='ltr'>iteratam</span> 
     </span>
     <span class='ocr_line' id='line_1_34' title="bbox 431 2565 1829 2624; baseline 0.002 -18"><span class='ocrx_word' id='word_1_202' title='bbox 431 2565 779 2621; x_wconf 70' lang='lat' dir='ltr'>metropolitanae</span> <span class='ocrx_word' id='word_1_203' title='bbox 826 2565 1102 2606; x_wconf 84' lang='lat' dir='ltr'>auctoritatis</span> <span class='ocrx_word' id='word_1_204' title='bbox 1145 2565 1484 2607; x_wconf 82' lang='lat' dir='ltr'>obsecrationem</span> <span class='ocrx_word' id='word_1_205' title='bbox 1536 2566 1648 2608; x_wconf 85' lang='lat' dir='ltr'>sicut</span> <span class='ocrx_word' id='word_1_206' title='bbox 1699 2582 1829 2624; x_wconf 77' lang='lat' dir='ltr'>expe-</span> 
     </span>
     <span class='ocr_line' id='line_1_35' title="bbox 432 2632 1827 2691; baseline 0.002 -17"><span class='ocrx_word' id='word_1_207' title='bbox 432 2634 523 2674; x_wconf 88' lang='lat' dir='ltr'>dire</span> <span class='ocrx_word' id='word_1_208' title='bbox 566 2632 829 2677; x_wconf 77' lang='lat' dir='ltr'>censueritis,</span> <span class='ocrx_word' id='word_1_209' title='bbox 874 2632 1111 2687; x_wconf 84' lang='lat' dir='ltr'>periculosa</span> <span class='ocrx_word' id='word_1_210' title='bbox 1156 2647 1298 2674; x_wconf 86' lang='lat' dir='ltr'>rerum</span> <span class='ocrx_word' id='word_1_211' title='bbox 1340 2648 1597 2689; x_wconf 75' lang='lat' dir='ltr'>magnarum</span> <span class='ocrx_word' id='word_1_212' title='bbox 1640 2636 1827 2691; x_wconf 83' lang='lat' dir='ltr'>negotia,</span> 
     </span>
     <span class='ocr_line' id='line_1_36' title="bbox 431 2700 1828 2756; baseline 0.001 -14"><span class='ocrx_word' id='word_1_213' title='bbox 431 2716 508 2756; x_wconf 86' lang='lat' dir='ltr'>per</span> <span class='ocrx_word' id='word_1_214' title='bbox 560 2714 805 2755; x_wconf 76' lang='lat' dir='ltr'>processum</span> <span class='ocrx_word' id='word_1_215' title='bbox 851 2700 1235 2742; x_wconf 81' lang='lat' dir='ltr'>commendabilem</span> <span class='ocrx_word' id='word_1_216' title='bbox 1281 2702 1336 2741; x_wconf 83' lang='lat' dir='ltr'>ad</span> <span class='ocrx_word' id='word_1_217' title='bbox 1376 2702 1613 2744; x_wconf 82' lang='lat' dir='ltr'>salutarem</span> <span class='ocrx_word' id='word_1_218' title='bbox 1658 2704 1828 2746; x_wconf 76' lang='lat' dir='ltr'>exitum</span> 
     </span>
     <span class='ocr_line' id='line_1_37' title="bbox 431 2768 1827 2824; baseline 0.004 -15"><span class='ocrx_word' id='word_1_219' title='bbox 431 2782 682 2824; x_wconf 86' lang='lat' dir='ltr'>promovere</span> <span class='ocrx_word' id='word_1_220' title='bbox 724 2768 969 2810; x_wconf 85' lang='lat' dir='ltr'>sanctitatis</span> <span class='ocrx_word' id='word_1_221' title='bbox 1001 2772 1157 2810; x_wconf 65' lang='lat' dir='ltr'>vestrae</span> <span class='ocrx_word' id='word_1_222' title='bbox 1190 2772 1310 2810; x_wconf 87' lang='lat' dir='ltr'>curet</span> <span class='ocrx_word' id='word_1_223' title='bbox 1346 2770 1539 2812; x_wconf 85' lang='lat' dir='ltr'>studiosa</span> <span class='ocrx_word' id='word_1_224' title='bbox 1570 2771 1827 2814; x_wconf 76' lang='lat' dir='ltr'>sollicitudo.</span> 
     </span>
     <span class='ocr_line' id='line_1_38' title="bbox 432 2836 1647 2893; baseline 0.003 -15"><span class='ocrx_word' id='word_1_225' title='bbox 432 2836 588 2879; x_wconf 85' lang='lat' dir='ltr'>Valeat</span> <span class='ocrx_word' id='word_1_226' title='bbox 619 2838 774 2879; x_wconf 64' lang='lat' dir='ltr'>vestrae</span> <span class='ocrx_word' id='word_1_227' title='bbox 806 2836 984 2892; x_wconf 77' lang='lat' dir='ltr'>pietatis</span> <span class='ocrx_word' id='word_1_228' title='bbox 1016 2837 1221 2893; x_wconf 81' lang='lat' dir='ltr'>optabilis</span> <span class='ocrx_word' id='word_1_229' title='bbox 1253 2837 1538 2892; x_wconf 79' lang='lat' dir='ltr'>incolumitas,</span> <span class='ocrx_word' id='word_1_230' title='bbox 1572 2842 1647 2882; x_wconf 53' lang='lat' dir='ltr'>etc».</span> 
     </span>
    </p>
   </div>
  </div>
 </body>
</html>
