1905 3180
402 252 483 292 102
889 258 994 289 ADAE
1027 257 1087 289 DE
1118 256 1314 289 MAmsco

399 391 492 418 sum
520 375 711 427 armatis,
744 372 1021 416 contemnatl
1056 388 1273 430 pavorem,
1302 387 1381 415 nec
1414 373 1541 415 cedat
1571 373 1728 429 gladio,
1758 375 1802 414 et

399 444 543 499 impiis
573 442 844 499 fugientibus
875 442 1049 484 nemine
1080 445 1377 498 persequente,
1401 441 1492 495 ipse
1524 444 1576 483 ut
1606 441 1673 483 leo
1706 455 1803 482 con-

401 512 540 554 fidens
594 511 652 553 sit
692 511 854 566 absque
905 514 1083 562 terrore,
1124 513 1265 551 totam
1316 509 1523 552 fiduciam
1566 509 1614 550 in
1659 509 1803 565 ipsum

402 579 575 635 projicit
627 579 702 635 qui
762 578 968 635 apostolis
1028 582 1072 620 et
1135 577 1428 635 apostolorum
1494 577 1806 620 successoribus

402 649 582 704 loquens
613 648 708 690 ait:
756 648 848 689 “In
889 646 1053 689 mundo
1094 661 1338 703 pressuram
1375 645 1604 696 habebibis,
1646 646 1694 687 in
1735 660 1804 687 me

406 723 427 738 ‘⁶
459 720 605 758 autem
630 731 790 772 pacem.
840 716 927 759 Sed
953 715 1174 766 confidite,
1207 715 1311 771 quia
1339 729 1417 771 ego
1443 714 1530 757 vici
1555 713 1806 756 mundum.’'

403 786 440 827 O
486 785 755 827 felicissimas
803 785 971 826 animas
1025 784 1182 840 quibus
1237 783 1409 825 coelitus
1458 783 1717 825 concedetur
1758 782 1804 823 iu

398 853 478 895 hac
520 853 771 894 beatissima
812 852 964 894 salutis
1009 867 1147 904 causa,
1186 849 1378 893 vestrae2
1414 866 1595 904 coronae,
1628 850 1804 893 calcatis

397 924 615 962 terrorum
657 921 855 963 fantasiis
903 923 947 962 et
990 919 1170 976 ineptiis
1213 919 1626 971 blandimentorum,
1668 919 1805 975 parti-

397 989 512 1045 cipes
562 989 670 1031 fieri.
765 989 813 1031 Si
847 988 941 1031 veri
984 988 1165 1044 Helysei
1209 987 1305 1029 veri
1345 988 1537 1029 ministri
1582 987 1802 1040 fuerimus,

396 1072 496 1099 vere
541 1057 657 1099 vices
705 1057 821 1099 illius
869 1057 1075 1106 dolentes,
1129 1071 1316 1112 vereque
1368 1056 1579 1112 puerilem
1630 1055 1805 1097 humili—

399 1132 535 1168 tatem
569 1125 815 1177 induentes,
850 1125 1077 1167 audiemus
1120 1125 1175 1165 ab
1222 1125 1338 1180 ipso:
1407 1130 1427 1146 “
1450 1124 1602 1166 Nolite
1636 1124 1801 1173 timere,

404 1201 423 1216 ‘⁶
458 1194 602 1250 plures
635 1194 750 1235 enim
782 1193 1008 1235 vobiscum
1040 1196 1155 1245 sunt,
1193 1208 1324 1248 quam
1361 1207 1457 1234 cum
1496 1191 1621 1234 illis.''
1683 1192 1804 1248 Ipso-

399 1277 482 1317 que
534 1265 685 1304 orante
733 1262 898 1318 aperiet
941 1261 1157 1303 Dominus
1189 1261 1334 1302 oculos
1375 1265 1546 1303 nostros
1595 1263 1640 1302 01
1682 1260 1806 1302 vide-

399 1330 542 1371 bimus
588 1333 757 1372 montes
805 1331 954 1384 plenos
995 1344 1206 1386 equorum
1239 1333 1284 1371 et
1325 1344 1528 1372 curruum
1577 1329 1803 1385 igneorum

399 1397 447 1438 in
493 1397 679 1439 circuitu
730 1398 877 1454 ipsius,
932 1397 1138 1439 videlicet
1193 1397 1296 1439 Filii
1340 1397 1437 1450 Dei,
1492 1397 1560 1439 cui
1616 1397 1805 1439 fideliter

399 1466 653 1508 assistimus.

460 1534 570 1576 Haeo
625 1533 813 1576 dixerim
860 1533 972 1575 sicut
1023 1533 1129 1575 alias
1172 1533 1308 1582 vobis,
1361 1547 1451 1574 non
1495 1536 1588 1575 tam
1633 1532 1804 1589 trepida

399 1618 529 1658 quam
566 1602 700 1643 anxia
759 1605 919 1654 mente,
963 1602 1015 1644 de
1062 1602 1309 1657 hujusmodi
1350 1601 1531 1643 memini
1562 1616 1630 1643 me
1672 1601 1803 1657 scrip-

399 1671 501 1712 sisse
551 1670 816 1711 fiducialiter
876 1685 964 1712 esse
1037 1669 1358 1726 aggredienda3
1419 1669 1454 1712 si
1520 1669 1802 1725 triumphatis

400 1738 695 1794 spiritualium
749 1738 1044 1794 nequitiarum
1095 1738 1217 1779 vitiis
1274 1742 1319 1780 et
1377 1738 1615 1779 carnalium
1661 1738 1802 1779 illece-

399 1807 575 1848 brarum
618 1806 990 1862 concupiscentiis,
1035 1820 1218 1862 quorum
1266 1806 1523 1848 continuata
1564 1806 1720 1862 proelia
1752 1806 1800 1847 in

399 1875 539 1927 nobis,
582 1890 608 1916 a
648 1875 787 1927 nobis,
831 1877 984 1916 contra
1024 1889 1113 1924 nos,
1156 1874 1367 1916 sentimus
1413 1874 1614 1924 insanire,
1649 1877 1801 1916 contra

401 1944 605 1999 praefatas
653 1943 978 1985 daemonialium
1032 1942 1330 1984 hostilitatum
1385 1943 1646 1999 pervicacias
1704 1957 1800 1998 pro-

401 2012 602 2053 cedamus
649 2012 705 2052 ad
735 2011 1000 2062 bellandum,
1041 2011 1216 2053 Christo
1248 2014 1498 2067 praestante,
1532 2011 1653 2067 cujus
1685 2011 1801 2053 bella

398 2083 624 2136 geruntur,
658 2079 733 2135 qui
771 2083 838 2121 est
868 2078 1120 2122 benedictus
1151 2079 1197 2121 in
1231 2079 1383 2122 secula.
1446 2079 1598 2121 Amen.

1021 2248 1171 2293 XVH.

695 2357 896 2402 Domino
929 2357 1185 2403 Lz'ozcolnz'cc
1215 2362 1377 2405 Frater
1407 2361 1529 2405 Adeo.

173 2481 318 2557 {furious
462 2469 803 2526 Magnificentiae
846 2469 1053 2525 reginalis
1097 2470 1283 2512 officiosa
1314 2471 1502 2523 devotio,
1535 2486 1666 2527 quam
1707 2482 1797 2514 non

198 2536 332 2560 uslnGSS.

401 2539 494 2580 sine
537 2553 666 2580 sacra}
710 2537 1022 2579 familiaritatis
1081 2538 1366 2581 contubernio
1393 2540 1596 2594 “salutari
1639 2543 1796 2582 vestrae

400 2606 661 2663 paternitati
692 2605 928 2647 inclinavit
971 2605 1124 2647 divina
1168 2606 1448 2662 dispensatio,
1499 2608 1633 2663 juxta
1680 2608 1797 2663 quod

399 2675 446 2717 111
474 2675 582 2716 mihi
614 2674 868 2717 transmissa
893 2676 1053 2717 vestrae
1081 2675 1328 2717 sanctitatis
1353 2675 1504 2718 littera
1533 2676 1793 2727 continetur,

1233 2845 1238 2856 ι
1350 2844 1354 2855 .

441 2864 449 2884 ¹
467 2839 669 2906 contempn‘eit,
688 2863 761 2897 MS.
1165 2845 1176 2863 ²
1194 2845 1276 2883 Μὴ)
1294 2843 1366 2878 MS·
