1905 3180
640 312 871 341 icmsrinnie.
1364 308 1445 347 :5751

68 427 193 469 Certe
225 426 420 466 laetificat
449 426 564 479 quod
596 425 814 466 occasione
843 429 1014 479 roperta
1045 426 1302 471 rationabili,
1336 428 1447 480 «lumi
1470 415 1668 495 {2¹‚'¹Jt':li(¹l¹;s‘¹m

64 494 111 535 in
142 508 324 549 persona
359 507 449 534 non
480 492 655 543 sufficio,
690 506 765 546 per
795 492 990 532 litteram
1024 493 1269 534 sanctitatis
1296 499 1450 535 vostra}
1471 485 1630 544 lengi-,ufir

65 560 390 603 desiderabilem
418 560 537 601 adire
565 559 856 614 przesentiffln,
887 574 1016 613 quain
1051 566 1092 601 et
1120 560 1262 602 virtus
1294 562 1450 613 valida,

66 631 111 670 et
142 627 359 669 industria
391 627 577 678 subtilis,
622 629 666 668 et
698 626 869 668 fervens
900 627 1131 676 aemulatio,
1165 628 1220 668 ad
1271 629 1451 683 gloriani

64 695 131 737 sui
161 695 348 737 nominis
370 698 414 736 et
436 695 620 736 salutem
649 709 737 735 suae
765 693 902 749 plebis
931 695 1329 749 superbenedictani
1371 696 1452 737 Dei

64 763 293 805 clementia
328 762 632 818 multipliciter
667 761 908 817 insignivit.
972 762 1147 803 Liberet
1183 764 1371 818 profecto
1408 764 1454 803 in

63 834 253 873 tractum
294 830 574 887 prolixiorem
616 829 844 885 praesentis
885 829 1157 871 allocutionis
1199 831 1350 871 seriem
1386 830 1455 871 de-

65 898 229 948 ducere,
262 898 337 940 sed
369 897 546 940 cohibeo
583 898 808 944 calamum,
841 901 1001 952 putans
1032 898 1111 939 hac
1142 898 1236 939 vice
1265 898 1457 939 sufficere

67 967 102 1008 si
138 966 461 1008 amantissimos
492 966 610 1007 sinus
642 965 722 1006 lati
752 965 893 1007 cordis
925 965 1179 1020 repleverim
1222 981 1298 1022 per
1339 966 1457 1007 obse-

65 1034 221 1089 quialis
272 1034 495 1089 scriptur-ae
536 1033 800 1074 brevitatem
852 1032 1081 1074 officiosam
1128 1048 1234 1075 nicae
1276 1049 1457 1089 pauper-

64 1102 170 1144 tatis
199 1101 554 1143 recordationem.
614 1100 833 1143 Caeterum
862 1115 959 1142 011111
989 1102 1205 1142 carissimo
1236 1102 1369 1143 fratre
1400 1101 1453 1142 N.

65 1170 117 1211 de
159 1168 378 1221 Anivers,1
416 1169 580 1224 juvene
613 1169 745 1210 moris
786 1168 958 1210 honesti
1000 1172 1044 1210 et
1085 1170 1175 1225 spei
1216 1169 1455 1218 laudabilis,

66 1237 214 1278 docilis
250 1237 418 1293 ingenii
460 1240 504 1278 et
540 1237 825 1292 competentis
868 1237 1142 1288 litteraturze,
1176 1252 1300 1292 quem
1338 1250 1457 1278 reve-

63 1305 343 1347 rendissimus
375 1308 501 1360 pater
541 1305 742 1346 minister
781 1305 992 1360 generalis
1023 1309 1177 1346 vestrm
1219 1305 1457 1360 disciplinae

65 1373 164 1414 filiis
195 1373 518 1429 aggregandum
551 1373 810 1428 designavit,
845 1373 962 1428 piam
991 1373 1338 1414 l;›enevolentiam
1366 1387 1458 1413 ves-

66 1444 146 1483 trae
200 1440 470 1482 discretionis
520 1440 744 1482 humiliter
794 1455 908 1496 rogo,
962 1441 1208 1496 supplicans
1256 1440 1458 1498 obnixius

67 1512 280 1565 quatenus
332 1509 371 1550 61
422 1509 700 1550 devotissimo
757 1512 902 1550 vestro
960 1509 1180 1549 licentiam
1232 1509 1458 1550 concedere

66 1577 212 1618 velitis
253 1577 502 1633 gratiosam,
536 1579 585 1617 ut
626 1577 674 1617 in
714 1576 1095 1618 administratione
1132 1577 1302 1632 Anglize
1334 1576 1458 1617 solito

66 1645 252 1686 sollicius
288 1659 364 1700 per
404 1644 610 1685 instantis
648 1644 750 1686 anni
793 1645 983 1700 spatium
1025 1645 1272 1685 divinorum
1305 1644 1460 1685 studiis

67 1713 212 1754 valeat
264 1712 506 1768 invigilare.
570 1711 739 1767 Nempe
790 1715 1055 1753 memoratus
1100 1713 1235 1754 frater
1284 1713 1331 1752 111
1380 1712 1460 1752 hac

67 1783 190 1836 parte
232 1780 418 1822 consiliis
455 1780 754 1836 spiritualibus
800 1780 1082 1835 acquiescens,
1124 1795 1200 1836 pro
1250 1795 1299 1821 eo
1344 1779 1459 1835 quod

67 1847 170 1889 alibi
202 1863 332 1903 quam
363 1848 409 1888 in
441 1847 603 1903 Anglia
634 1848 690 1889 ad
721 1848 954 1903 profectum
990 1849 1123 1889 studii
1154 1848 1356 1889 litteralis
1387 1862 1459 1888 ne-

69 1930 285 1971 quaquam
319 1915 359 1956 ei
391 1918 609 1971 putantur
641 1916 688 1956 in
723 1917 1051 1971 praesentiarum
1092 1930 1323 1967 accessura,
1362 1930 1457 1970 quae

67 1983 360 2039 requiruntur,
394 1987 487 2025 tam
524 1987 765 2039 opportune
799 1984 1002 2030 subsidia,
1037 1998 1124 2025 una
1154 1999 1321 2025 1116011111
1352 1998 1460 2039 prze-

68 2055 234 2093 sentem
276 2052 492 2094 consensit
531 2052 731 2108 benignae
773 2052 1028 2108 paternitati
1078 2055 1235 2094 vestra}
1277 2052 1459 2107 dirigere

68 2119 321 2175 petitionem
348 2136 357 2171 3
419 2122 471 2161 ut
503 2119 754 2161 Divinitate
786 2120 989 2175 propitia,
1033 2134 1159 2174 quem
1192 2120 1246 2160 ad
1287 2123 1459 2175 tempus

69 2186 213 2229 abesse
246 2187 550 2239 concesseritis,
594 2187 753 2229 iterum
791 2188 1032 2244 promptius
1064 2190 1264 2243 aptatum
1295 2188 1348 2228 ad
1379 2187 1460 2228 mi-

67 2254 294 2296 nisterium
336 2255 550 2297 Divinum
591 2271 668 2311 pro
711 2259 903 2311 tempore
939 2256 1164 2311 recipiatis.
1229 2255 1457 2305 Concedat,

70 2335 154 2373 oro,
192 2323 252 2364 mi
285 2323 481 2380 benigne,
513 2324 637 2365 vobis
672 2324 1038 2380 superessentialis
1068 2324 1283 2380 purgatio,
1317 2338 1461 2379 super-

71 2390 304 2432 affectualis
369 2391 644 2442 illuminatio,
711 2391 1076 2448 supereffectualis
1127 2391 1343 2447 perfectio,
1410 2394 1461 2432 ut

73 2457 228 2500 animae
278 2458 402 2500 vobis
458 2459 706 2508 commissae,
751 2459 966 2501 divinitus
1005 2474 1082 2515 per
1128 2474 1205 2501 vos
1250 2463 1460 2516 purgatae,

71 2523 327 2568 illuminatae
364 2530 409 2569 et
429 2527 643 2583 perfectae,
680 2542 865 2583 regnum
902 2528 985 2568 Dei
1018 2542 1185 2583 purum,
1225 2528 1388 2569 clarum
1418 2530 1461 2568 et

73 2596 269 2635 sanctum
322 2595 377 2636 ad
431 2595 785 2651 supersublimem
837 2596 1084 2651 puritatem,
1138 2596 1461 2651 superdecoram

72 2660 323 2712 claritatem,
348 2663 708 2718 superjucimdam
740 2663 1019 2705 sanctitatem
1051 2663 1294 2714 reforment,
1318 2678 1463 2705 secun-

75 2726 176 2769 dum
208 2730 555 2785 cogentissimam
587 2731 807 2773 altissimae
839 2731 1114 2786 professionis
1145 2731 1420 2786 exigentiam.

131 2796 286 2839 Valeat
316 2801 470 2840 vestrae
501 2799 733 2840 suavitatis
764 2799 1037 2840 incolumitas
1070 2800 1115 2840 in
1147 2798 1329 2841 Christo.

623 2981 629 3000 ²
658 2982 705 3014 Or
720 2980 858 3015 Ambcrs.
