1905 3180
216 1726 282 1757 For
298 1724 409 1765 Roger

214 1771 255 1800 de
274 1769 405 1810 Kyrke-

216 1814 271 1853 by.

420 252 504 290 404
902 256 1007 286 ΑΒΕ
1040 256 1100 285 DE
1131 254 1327 285 MAR1sco

481 371 696 414 Suasoriis
732 368 1097 424 supersedendum
1129 366 1284 422 putavi
1315 366 1371 407 ad
1402 380 1513 417 eum,
1545 365 1613 407 cui
1644 379 1819 420 persua-

426 440 484 480 sit
504 438 730 493 inspiratio
762 436 937 487 Divina,
964 436 1118 490 gratiae
1140 448 1228 475 suae
1256 433 1372 474 dona
1402 447 1491 474 non
1518 432 1721 482 deserere,
1745 446 1822 488 pro

425 506 581 561 quibus
609 504 845 545 laboriosas
870 518 1018 559 operas
1050 501 1297 556 impendere
1321 514 1408 541 non
1432 500 1632 554 negastis.
1677 499 1824 540 Anxie

424 573 655 614 dolendum
689 575 733 612 et
766 571 1028 626 stupendum
1060 568 1252 624 apprime
1280 570 1388 622 puto
1422 566 1538 621 quod
1570 566 1704 622 pestis
1736 566 1827 616 illa,

428 654 503 695 per
548 654 679 693 quam
730 641 869 680 tantae
920 637 1132 692 religiosae
1181 634 1521 676 conversationis
1570 633 1823 688 corruptelae

429 707 674 762 supradicto
711 705 955 755 conventui,
987 707 1039 744 ut
1080 702 1252 753 dicitur,
1287 705 1390 743 sunt
1430 702 1625 758 ingestae,
1672 701 1823 752 adhuc,

428 778 479 815 ut
512 773 652 822 audio,
691 772 770 813 sub
801 773 907 813 falso
939 770 1139 826 magistri
1170 769 1346 810 nomine
1377 769 1607 824 perdendis
1637 771 1730 810 tam
1760 782 1827 810 re-

428 841 508 882 bus
541 855 671 894 quam
702 839 894 880 moribus
918 837 1199 893 perniciosius
1238 836 1461 877 incumbit.
1536 835 1739 892 Torporis
1779 835 1827 876 in

428 908 508 948 hac
545 910 667 962 parte
713 906 907 947 fomitem
951 904 1296 953 subministrant,
1339 907 1390 945 ut
1442 903 1665 954 astruitur,
1710 903 1828 958 apud

428 973 834 1015 reverendissimum
874 972 1121 1027 pontificem
1169 971 1347 1026 quidam
1386 971 1650 1026 pestilentes,
1689 970 1829 1011 instar

429 1041 700 1096 scorpionum
728 1039 1026 1081 blandimento
1059 1039 1212 1094 capitis
1244 1038 1393 1079 caudae
1435 1037 1794 1093 percussi[onem]
1812 1036 1824 1058 ¹

430 1109 692 1163 obtegentes.
746 1106 933 1148 Utinam
964 1106 1276 1148 abscindantur
1307 1105 1382 1160 qui
1415 1105 1477 1160 pii
1505 1105 1702 1160 praesulis
1735 1118 1834 1160 pro·-

433 1176 621 1217 visivam
655 1174 929 1216 elementiam
960 1174 1129 1215 vicibus
1160 1173 1461 1227 frequentatis,
1485 1186 1582 1227 quae
1613 1187 1691 1213 sua
1716 1174 1829 1221 sunt,

434 1257 522 1284 non
560 1257 657 1297 quae
698 1242 728 1283 J
732 1256 807 1283 esu
845 1241 1010 1283 Christi
1062 1243 1316 1295 quaerentes,
1363 1239 1531 1294 jugiter
1575 1239 1832 1282 conturbare

432 1309 681 1350 moliuntur.
740 1308 898 1350 Valeat
929 1307 1173 1349 dilectionis
1203 1309 1371 1357 vestrae,
1410 1309 1486 1349 etc.

1050 1493 1219 1536 CCXL.

620 1617 782 1661 Fratri
812 1618 867 1660 A.
901 1617 954 1660 de
985 1617 1299 1660 Bechesoueres
1330 1617 1490 1660 Frater
1521 1617 1642 1660 Adon.

501 1723 647 1764 Toties
688 1727 869 1778 experta
911 1724 1169 1779 obsequialis
1210 1725 1498 1780 benignitatis
1538 1728 1695 1767 vestrae
1731 1724 1837 1767 libe-

441 1790 592 1831 ralitas
623 1791 866 1832 modicitati
899 1806 1018 1840 meze,
1060 1791 1163 1832 licet
1205 1792 1447 1843 immeritae,
1483 1806 1658 1847 precum
1699 1792 1838 1834 incul-

440 1858 565 1898 candi
596 1857 883 1912 frequentiam
926 1859 972 1899 in
1007 1859 1145 1899 causis
1178 1859 1356 1914 pietatis
1386 1860 1523 1901 vestri
1553 1860 1695 1915 gratia
1725 1860 1837 1901 fidu-

439 1925 549 1966 ciam
571 1925 860 1967 administrat.
908 1926 1150 1980 Eapropter
1175 1940 1252 1981 pro
1279 1926 1436 1968 dilecto
1462 1927 1571 1967 mihi
1592 1927 1638 1968 in
1661 1927 1836 1969 Christo

440 1991 607 2046 Rogero
640 1992 691 2033 de
724 1991 954 2047 Kyrkeby‚
981 1993 1128 2034 fratris
1156 1993 1294 2033 nostri
1327 1993 1502 2034 Ricardi
1533 1993 1586 2035 de
1618 1994 1837 2050 Kyrkeby

441 2063 678 2100 conventus
720 2060 772 2100 de
816 2060 1023 2101 Stanford
1079 2074 1295 2116 germano,
1337 2060 1501 2115 juvene
1540 2061 1675 2116 juxta
1715 2063 1837 2104 testi-

441 2126 576 2166 monii
608 2127 824 2167 credibilis
860 2128 1152 2177 assertionem,
1185 2128 1377 2170 honestae
1419 2129 1756 2171 conversationis
1791 2132 1836 2171 et
1898 2133 1901 2177 ἶ

443 2193 532 2247 spei
573 2192 813 2242 laudabilis,
858 2195 1102 2235 sedulitatis
1133 2198 1289 2236 vestrae
1320 2195 1542 2237 benevolae
1585 2196 1834 2238 discretioni
1896 2198 1899 2244 J

441 2262 699 2313 praesentem
725 2260 864 2315 dirigo
890 2262 1158 2316 petitionem,
1189 2276 1346 2317 rogans
1377 2262 1592 2304 attentius
1620 2267 1834 2318 quatenus
1896 2278 1905 2290 ⁶

443 2326 591 2376 eidem,
635 2327 867 2367 secundum
913 2329 1162 2383 periculosae
1205 2329 1467 2371 valetudinis
1511 2330 1837 2385 requisitionem
1903 2316 1905 2326 Α

444 2393 739 2443 necessariam,
786 2397 1000 2447 quantum
1042 2396 1176 2437 fuerit
1221 2397 1411 2451 propitia
1460 2397 1695 2450 Divinitas,
1737 2399 1836 2440 sub-
1904 2440 1905 2449 ,

444 2459 662 2500 ventionis
692 2474 871 2501 manum
902 2462 1105 2504 adhibere
1136 2478 1225 2504 non
1256 2464 1424 2505 ducatis
1452 2464 1689 2520 indignum.
1755 2466 1836 2508 Va·
1900 2462 1905 2497 .'

444 2526 532 2566 leat
563 2525 874 2569 benevolentiae
903 2532 1060 2571 vestrae
1091 2530 1235 2585 gratia
1265 2532 1466 2581 suavitas,
1499 2535 1576 2573 etc.
1885 2521 1886 2526 ¹

503 2721 707 2753 ¹Corrected
734 2722 768 2753 in
805 2724 861 2756 the
890 2726 1032 2768 margin,
1061 2728 1119 2761 but
1150 2729 1206 2761 the
1233 2730 1295 2762 last
1320 2731 1431 2763 letters
1455 2741 1511 2763 are
1537 2732 1694 2776 wanting,
1722 2742 1757 2765 as
1779 2733 1833 2766 the
1880 2753 1882 2762 ι

442 2775 572 2817 margin
588 2776 646 2808 has
663 2777 746 2809 been
762 2777 902 2818 injured.
