1905 3180
649 221 882 252 EPISTOLAE.
1373 218 1457 258 167

70 344 259 387 divinam
290 343 489 385 devictus
518 346 583 384 est
604 343 812 384 Amalech
842 343 896 383 ab
931 344 1116 384 lsraclc?
1149 344 1302 398 {Exod
1327 346 1455 400 xviij

10 453 11 456 ,
72 413 142 467 (1.)
176 412 344 463 Nonne,
378 415 530 453 orante
568 411 764 461 Ezechia,
804 426 880 466 per
926 412 1166 466 angelicum
1208 413 1454 466 prasidium

69 479 276 536 percussis
323 479 375 520 de
409 478 689 534 Assyriorum
728 479 922 519 exercitu
959 479 1131 519 clxxxv.
1179 479 1322 527 millia,
1356 480 1458 519 Son-

69 546 268 589 nacherib
291 561 317 587 a
338 547 367 588 J
372 547 497 588 udaea
517 546 835 588 exterminatus
865 548 961 586 est?
994 546 1137 600 [Isaia-
1160 547 1345 601 xxxviij]
1385 548 1457 600 (2.)

69 614 236 657 Deinde
276 617 328 655 ut
363 615 501 656 modis
535 613 874 670 congruentibus
914 628 990 669 per
1031 613 1242 668 insignem
1284 613 1460 668 pictatis

68 685 222 724 vestrae
254 681 533 737 prudentiam
562 682 756 723 excietur
784 681 983 723 dominus
1007 680 1340 732 Cantuariensis,
1364 695 1456 722 cum

69 749 154 792 suis
186 749 482 805 suffraganeis,
518 764 623 806 quos
658 749 921 806 opprimunt,
956 748 1126 790 assidue
1158 751 1376 804 gementes
1418 751 1462 789 ct

68 817 317 874 plangentes
359 817 664 866 indesinenter,
694 817 875 874 praefata
907 817 1154 858 molestium
1182 816 1459 857 vexationum

68 884 262 941 pondera.
328 885 377 928 Si
408 885 520 928 forte
554 886 810 942 constipatis
839 885 1088 927 bellicarum
1110 885 1296 926 acierum
1330 884 1463 940 agmi-

68 952 204 1004 nibus,
235 952 364 1008 juxta
393 954 509 1009 quod
541 954 769 1010 gloriosius
804 953 1055 995 inchoatum
1090 956 1164 1000 est,
1199 967 1295 994 cmn
1323 952 1463 993 adhuc

68 1021 113 1062 in
150 1035 275 1062 carne
311 1021 493 1071 viveret,
541 1022 596 1063 ad
640 1022 720 1064 hoc
768 1021 950 1063 salutari
992 1020 1223 1076 vigilantia
1266 1021 1463 1061 laborans

67 1092 224 1131 sanctae
256 1089 566 1131 recordationis
609 1090 812 1131 dominus
842 1089 1071 1139 Robertus,
1116 1088 1331 1143 quondam
1363 1088 1464 1128 Lin-

67 1157 291 1198 colniensis
323 1158 557 1213 episcopus7
595 1158 723 1200 corde
754 1172 841 1199 uno
871 1160 916 1199 et
949 1157 1094 1198 anima
1124 1171 1222 1205 una,
1256 1156 1335 1197 sub
1368 1170 1464 1197 con—

67 1225 183 1267 cordi
214 1225 415 1267 vincendi
447 1226 606 1268 fiducia
639 1241 727 1268 una
757 1226 982 1268 Vobiscum
1017 1225 1273 1281 proelientur
1309 1224 1463 1280 proclia

68 1291 253 1334 Domini.
313 1293 474 1335 Annon
505 1294 683 1344 Abram,
718 1308 904 1336 caesurus
932 1297 1117 1349 quatuor
1145 1306 1265 1348 reges
1296 1292 1462 1347 impios,

9 1398 11 1420 z
66 1360 120 1403 ad
159 1361 451 1404 roborandum
493 1363 815 1419 expeditionem
857 1361 1024 1418 accepit
1064 1361 1111 1402 in
1152 1360 1284 1403 socios
1331 1360 1462 1409 Aner,

67 1428 200 1481 Escol,
236 1431 280 1470 et
324 1430 550 1472 Mambre?
597 1430 724 1486 [Gen.
755 1430 864 1486 xiv]
961 1430 1122 1471 Annon
1164 1443 1241 1470 rex
1279 1427 1460 1477 Israelis,

8 1555 10 1558 y
67 1511 142 1553 per
178 1497 261 1539 Dei
304 1497 577 1541 voluntatem
620 1502 950 1556 expugnaturus
993 1497 1123 1539 Moab
1167 1495 1463 1537 inimicantem

76 1563 179 1616 Deo,
219 1565 304 1607 sibi
336 1566 381 1607 in
420 1566 687 1622 adjutorium
721 1566 952 1609 associavit
993 1579 1138 1621 regem
1171 1564 1291 1606 Juda
1322 1566 1366 1604 et
1399 1577 1463 1604 re-

67 1646 163 1689 gem
194 1633 359 1675 Edom?
392 1634 466 1690 [iv.
491 1635 594 1690 Reg.
617 1635 701 1690 iii.]
738 1636 812 1690 (3.)
882 1634 1039 1675 Postea
1067 1636 1119 1674 ut
1150 1632 1267 1688 apud
1297 1631 1460 1686 regiam

68 1701 337 1756 majestatem
379 1703 431 1744 de
467 1704 707 1745 communis
744 1716 941 1745 assensus
983 1700 1179 1742 unanimi
1221 1699 1462 1755 diligentia,

65 1769 294 1825 praemissis
342 1773 388 1811 et
424 1771 798 1813 admonitionibus
837 1774 881 1812 et
918 1767 1237 1811 eruditionibus
1274 1770 1318 1809 et
1345 1767 1464 1809 obse-

10 1833 12 1838 ’
67 1837 339 1887 erationibus,
384 1841 622 1894 satagatur,
667 1839 798 1880 etiam
841 1836 1207 1894 praestationibus,
1266 1835 1301 1875 si
1351 1835 1463 1876 sorte

67 1904 121 1946 ad
167 1905 405 1948 clementiae
447 1907 827 1949 mansuetudinem
865 1906 1106 1956 inclinetur,
1151 1918 1226 1958 per
1268 1902 1463 1943 divinam

69 1972 190 2015 Illius
224 1974 529 2029 operationem,
565 1975 618 2016 de
652 1990 736 2030 quo
766 1975 927 2016 dicitur
954 1973 1098 2028 [Prov.
1125 1971 1259 2026 xxi.]:
1296 1977 1317 1991 *‘
1341 1970 1464 2011 Sicut

69 2044 91 2063 “
122 2041 342 2083 ductiones
384 2058 607 2098 aquarum,
651 2042 715 2084 ita
752 2057 822 2084 cor
855 2041 966 2096 regis
1000 2040 1047 2080 in
1087 2053 1220 2080 manu
1254 2037 1459 2079 Domini:

70 2112 91 2131 “
123 2123 376 2166 quocunque
414 2111 603 2152 voluerit
643 2109 874 2152 inclinabit
902 2107 1047 2149 illud.’'
1124 2108 1218 2148 Rex
1248 2106 1465 2161 evangeli-

70 2190 141 2219 cus
182 2177 325 2219 iturus
359 2179 632 2221 committere
674 2179 839 2220 bellum
881 2177 1088 2218 adversus
1129 2174 1264 2215 alium
1305 2188 1462 2229 regem,

70 2245 317 2301 priusquam
359 2247 564 2303 procedat
615 2247 670 2289 ad
719 2244 1036 2302 confligendum
1089 2257 1260 2284 securus
1302 2242 1465 2297 cogitat

73 2314 175 2368 quid
210 2314 322 2356 facto
352 2329 460 2371 opus
494 2315 580 2367 sit;
619 2319 663 2357 et
690 2315 726 2356 si
753 2313 978 2356 evidenter
1012 2311 1198 2353 emineat
1227 2311 1278 2351 de
1311 2309 1464 2350 bellico

74 2382 274 2424 conflictu
307 2383 585 2438 periculosior
613 2387 805 2431 eventus,
841 2384 967 2437 rogat
1004 2395 1053 2422 ea
1084 2394 1180 2434 qua}
1214 2378 1330 2434 pacis
1363 2380 1466 2418 sunt

78 2447 196 2505 [Luc.
236 2450 346 2506 xiv]
411 2450 640 2508 Numquid
676 2466 763 2493 non
797 2448 1043 2506 patriarcha
1079 2446 1227 2495 Jacob,
1271 2459 1466 2487 reversus

74 2515 120 2557 in
169 2517 366 2575 patriam,
416 2518 532 2561 Esau
582 2519 729 2561 fratris
781 2517 998 2560 saevitiam
1047 2514 1239 2556 decrevit
1286 2512 1466 2568 copiosis

76 2585 323 2627 mmieribus
369 2600 457 2629 esse
511 2587 800 2643 placandam?
850 2585 976 2641 [Gen.
1014 2582 1170 2637 xxxii]
1239 2579 1466 2635 Numquid

77 2665 161 2695 non
190 2668 266 2695 rex
302 2654 421 2696 Juda
452 2659 496 2697 et
527 2656 579 2697 de
622 2654 783 2710 templo
821 2656 864 2694 et
907 2652 959 2693 de
1001 2649 1162 2707 palatio
1193 2648 1347 2704 amplis
1372 2661 1465 2702 pre-

79 2719 284 2762 ciosorum
325 2737 553 2765 munerum
595 2721 902 2778 largitionibus
945 2733 1087 2774 regem
1131 2716 1272 2771 Syriae
1303 2714 1465 2755 avertit

79 2787 132 2830 ab
154 2790 474 2846 oppugnatione
498 2790 763 2832 Ierusalem?
787 2788 859 2844 [iv.
885 2788 988 2842 Reg.
1010 2785 1105 2840 xiii]
1156 2784 1228 2839 (4.)
1254 2781 1461 2836 Denique,
