1905 3180
203 1833 401 1866 Commends

200 1883 234 1909 to
250 1878 302 1908 his
318 1888 397 1909 con-

201 1922 378 1953 sideration

202 1966 346 1997 Thomas
362 1967 401 1997 de

200 2009 354 2043 Μαι-1500.

432 238 488 279 94
906 242 1012 275 ADAE
1044 242 1105 274 DE
1135 240 1332 276 MARIsco

431 376 513 417 que
557 359 702 401 diffusi
747 358 968 400 sermomis
1012 358 1255 409 conatibus,
1298 361 1349 400 ut
1390 361 1549 409 teneor,
1598 357 1822 414 regratiari

429 443 517 470 11011
558 428 732 479 sufficio,
772 427 887 482 quod
919 430 963 468 et
1001 426 1169 468 devotis
1204 427 1381 468 vocibus
1416 427 1510 468 fieri
1546 427 1710 483 nequit,
1742 427 1822 467 sal-

428 500 517 538 tem
545 496 707 538 votivis
739 495 964 537 affectibus
998 494 1194 550 supplere
1226 494 1431 536 desidero.
1495 495 1707 550 Succingo
1739 508 1822 535 ser-

428 578 611 616 monem,
649 563 816 605 veritus
852 577 907 604 ne
943 562 1092 603 littera
1128 562 1349 617 prolixior,
1388 563 1470 617 piis
1505 562 1693 613 auribus,
1717 576 1822 617 quas

421 631 587 687 jugiter
628 632 775 687 pulsat
817 634 965 672 sancta
1001 629 1225 686 regiminis
1266 629 1541 672 ecclesiastici
1581 630 1822 685 requisitio,

427 699 632 741 videatur
668 699 930 754 importuna.
1002 697 1116 749 Quia
1163 696 1332 739 confido
1378 698 1495 754 quod
1536 697 1721 739 clemens
1757 698 1823 738 in-

427 781 578 823 genuae
619 766 778 808 mentis
818 765 1070 816 liberalitas,
1102 766 1337 821 supplicem
1370 765 1520 807 devoti
1550 766 1685 808 vestri
1714 765 1823 822 peti-

427 836 604 887 tionem,
664 834 872 890 quamdiu
929 834 1047 876 locus
1104 837 1168 876 est
1222 833 1503 886 excusationi,
1546 848 1821 890 nequaquam

427 906 580 958 arguet
629 902 992 958 praesumptionis,
1036 901 1092 943 ad
1139 901 1399 942 instantiam
1448 902 1595 943 dilecti
1639 901 1725 942 mei
1764 901 1821 943 N.

426 973 684 1027 praesentem
716 969 943 1011 serenitati
971 972 1130 1012 vestrae
1171 969 1344 1025 porrigo
1377 969 1639 1025 petitoriam,
1664 982 1821 1024 rogans

425 1039 640 1081 attentius
682 1041 896 1094 quatenus
943 1037 1093 1090 eidem,
1140 1037 1372 1093 perspectis
1413 1051 1502 1079 suae
1553 1036 1821 1078 necessitatis

425 1106 650 1162 urgentiis,
692 1105 868 1162 pietatis
899 1104 1078 1156 intuitu,
1117 1107 1331 1160 quatenus
1361 1104 1522 1146 rationi
1570 1118 1659 1145 non
1691 1103 1821 1146 obve-

426 1176 557 1223 nitur,
595 1174 646 1215 de
681 1173 828 1215 debito
863 1187 948 1228 quo
981 1173 1105 1215 vobis
1144 1175 1329 1223 tenetur,
1360 1173 1475 1229 grati
1516 1171 1821 1214 moderaminis

425 1242 619 1283 inducias
654 1256 790 1296 usque
821 1241 877 1282 ad
919 1241 1033 1282 diem
1076 1256 1202 1296 quem
1246 1240 1454 1283 faciendae
1495 1239 1710 1290 solutioni,
1746 1255 1821 1281 ex-

425 1311 543 1351 clusa
588 1309 784 1351 ulteriori
832 1309 1146 1367 prorogatione,
1192 1308 1503 1366 praefigendum
1551 1308 1818 1359 censueritis,

426 1377 653 1420 concedere
679 1376 931 1433 dignemini.

1068 1572 1174 1615 XII.

712 1692 911 1736 Domino
942 1692 1197 1736 Lineolniw
1228 1692 1389 1736 Flusor
1420 1690 1541 1734 Αιῖα.

484 1821 722 1877 Nunquam
755 1835 828 1863 oro
859 1821 1118 1877 suscipiatur
1149 1821 1195 1862 in
1226 1820 1512 1862 beatitudinis
1539 1821 1694 1860 vestrae
1722 1833 1820 1860 con-

426 1890 608 1931 sortium
642 1889 798 1944 aliquis
839 1889 892 1930 de
932 1889 1140 1930 litteratis
1181 1888 1419 1930 secundum
1460 1886 1663 1928 saeculare
1698 1886 1818 1941 judi-

426 1958 540 1999 cium
584 1958 908 2014 reputabilibus,
942 1957 1028 1998 nisi
1060 1957 1096 1998 is
1138 1957 1213 2012 qui
1243 1956 1549 1997 indubitanter
1579 1968 1668 1996 esse
1709 1968 1818 2009 prae-

424 2027 623 2078 sumitur,
661 2029 705 2067 et
750 2025 978 2068 {emulator
1029 2024 1346 2076 misericordiae,
1400 2027 1444 2065 et
1494 2022 1696 2064 veritatis
1747 2036 1819 2063 ex-

424 2094 619 2149 quisitor,
662 2097 707 2135 et
748 2093 945 2135 defensor
982 2093 1181 2149 justitiae,
1224 2096 1269 2134 et
1290 2092 1406 2148 pacis
1439 2093 1637 2141 amator3
1666 2089 1741 2131 sed
1766 2093 1817 2131 ut

423 2175 569 2203 eorum
601 2161 675 2216 qui
696 2161 805 2202 tales
837 2175 925 2202 esse
946 2175 1034 2202 non
1066 2161 1301 2203 creduntur
1332 2162 1530 2201 arceatur
1559 2157 1816 2213 improbitas

422 2229 625 2278 frontosa,
662 2243 766 2284 opus
801 2232 866 2270 est
897 2228 1044 2270 valida
1077 2228 1473 2284 circumspectionis
1504 2226 1680 2282 pietate.

481 2297 632 2338 Nostis
670 2310 755 2350 quo
796 2295 940 2337 tendit
972 2296 1088 2350 quod
1115 2296 1278 2350 loquor.
1345 2294 1571 2349 Siquidem
1600 2295 1814 2349 quantum

419 2364 576 2407 sufficit
616 2378 712 2404 mea
749 2363 979 2418 exiguitas,
1022 2377 1119 2403 cum
1161 2362 1244 2403 Dei
1293 2361 1523 2417 adjutorio,
1558 2361 1816 2402 omnimodis

419 2432 606 2474 conabor
642 2445 696 2472 ne
730 2431 785 2472 ad
817 2430 1065 2472 convictum
1102 2429 1385 2471 domesticum
1432 2427 1680 2470 sanctitatis
1721 2442 1816 2469 ves-

417 2504 498 2542 trae
528 2498 779 2555 benignitas
811 2498 1081 2539 intromittat
1112 2496 1247 2546 illum,
1276 2511 1405 2552 quem
1427 2510 1514 2537 non
1541 2496 1815 2538 commendat

418 2567 632 2623 opinionis
661 2566 901 2622 integritas.
965 2564 1099 2621 Spero
1127 2578 1297 2620 quoque
1323 2563 1440 2619 quod
1464 2578 1540 2619 per
1565 2563 1814 2605 divinitatis

417 2650 541 2692 opem
568 2633 786 2676 liberabor
814 2634 868 2675 ab
896 2633 1084 2674 instanti
1106 2632 1218 2689 justi
1249 2638 1388 2675 metus
1420 2631 1630 2673 molestia.
1679 2631 1723 2672 N
1727 2647 1816 2673 am-

416 2718 498 2759 que
541 2717 629 2744 non
673 2702 819 2754 deerit,
863 2704 914 2743 ut
959 2701 1098 2753 video,
1142 2700 1330 2742 Domino
1371 2702 1654 2752 monstrante,
1697 2700 1813 2755 quod

413 2770 732 2813 rationabiliter
757 2769 1020 2811 obtendatur
1045 2768 1275 2824 quominus
1304 2768 1478 2810 eveniat
1504 2767 1549 2808 in
1581 2767 1661 2809 hac
1689 2770 1812 2823 parte

413 2838 522 2881 illud
552 2838 674 2894 cujus
704 2837 750 2879 in
801 2837 960 2889 littera,
1001 2836 1109 2879 mihi
1156 2850 1293 2894 nuper
1323 2835 1586 2887 transmissa,
1632 2835 1811 2877 memin-
