<?xml version="1.0" encoding="UTF-8"?>
<!DOCTYPE html PUBLIC "-//W3C//DTD XHTML 1.0 Transitional//EN"
    "http://www.w3.org/TR/xhtml1/DTD/xhtml1-transitional.dtd">
<html xmlns="http://www.w3.org/1999/xhtml" xml:lang="en" lang="en">
 <head>
  <title>
</title>
<meta http-equiv="Content-Type" content="text/html;charset=utf-8" />
  <meta name='ocr-system' content='tesseract 3.04.00' />
  <meta name='ocr-capabilities' content='ocr_page ocr_carea ocr_par ocr_line ocrx_word'/>
</head>
<body>
  <div class='ocr_page' id='page_1' title='image "./monumentafrancis01thom_0302.png"; bbox 0 0 1905 3180; ppageno 0'>
   <div class='ocr_carea' id='block_1_1' title="bbox 199 2428 384 2547">
    <p class='ocr_par' dir='ltr' id='par_1_1' title="bbox 199 2428 384 2547">
     <span class='ocr_line' id='line_1_1' title="bbox 199 2428 338 2459; baseline 0 -1"><span class='ocrx_word' id='word_1_1' title='bbox 199 2428 338 2459; x_wconf 81' lang='lat' dir='ltr'>Recom-</span> 
     </span>
     <span class='ocr_line' id='line_1_2' title="bbox 199 2473 384 2504; baseline 0.011 -2"><span class='ocrx_word' id='word_1_2' title='bbox 199 2473 312 2503; x_wconf 85' lang='lat' dir='ltr'>mends</span> <span class='ocrx_word' id='word_1_3' title='bbox 328 2473 384 2504; x_wconf 86' lang='lat' dir='ltr'>the</span> 
     </span>
     <span class='ocr_line' id='line_1_3' title="bbox 199 2515 371 2547; baseline 0 0"><span class='ocrx_word' id='word_1_4' title='bbox 199 2515 263 2547; x_wconf 85' lang='lat' dir='ltr'>suit</span> <span class='ocrx_word' id='word_1_5' title='bbox 279 2516 317 2547; x_wconf 90' lang='lat' dir='ltr'>of</span> <span class='ocrx_word' id='word_1_6' title='bbox 329 2516 371 2547; x_wconf 92' lang='lat' dir='ltr'>N.</span> 
     </span>
    </p>
   </div>
   <div class='ocr_carea' id='block_1_2' title="bbox 410 250 1306 290">
    <p class='ocr_par' dir='ltr' id='par_1_2' title="bbox 410 250 1306 290">
     <span class='ocr_line' id='line_1_4' title="bbox 410 250 1306 290; baseline -0.003 0"><span class='ocrx_word' id='word_1_7' title='bbox 410 252 424 290; x_wconf 90' lang='grc'>]</span> <span class='ocrx_word' id='word_1_8' title='bbox 440 250 493 289; x_wconf 60' lang='lat'>44</span> <span class='ocrx_word' id='word_1_9' title='bbox 880 257 986 287; x_wconf 55' lang='grc' dir='ltr'>ΑΒΕ</span> <span class='ocrx_word' id='word_1_10' title='bbox 1020 258 1079 287; x_wconf 73' lang='lat' dir='ltr'>DE</span> <span class='ocrx_word' id='word_1_11' title='bbox 1110 256 1306 287; x_wconf 63' lang='lat' dir='ltr'>MAmsco</span> 
     </span>
    </p>
   </div>
   <div class='ocr_carea' id='block_1_3' title="bbox 405 372 1817 1994">
    <p class='ocr_par' dir='ltr' id='par_1_3' title="bbox 405 372 1815 1710">
     <span class='ocr_line' id='line_1_5' title="bbox 409 372 1807 429; baseline -0.001 -13"><span class='ocrx_word' id='word_1_12' title='bbox 409 376 522 416; x_wconf 85' lang='lat' dir='ltr'>unde</span> <span class='ocrx_word' id='word_1_13' title='bbox 554 378 599 416; x_wconf 91' lang='lat' dir='ltr'>et</span> <span class='ocrx_word' id='word_1_14' title='bbox 631 376 802 415; x_wconf 87' lang='lat' dir='ltr'>noctem</span> <span class='ocrx_word' id='word_1_15' title='bbox 844 373 1072 429; x_wconf 76' lang='lat' dir='ltr'>lugubrem</span> <span class='ocrx_word' id='word_1_16' title='bbox 1107 376 1150 414; x_wconf 91' lang='lat' dir='ltr'>et</span> <span class='ocrx_word' id='word_1_17' title='bbox 1192 373 1308 413; x_wconf 88' lang='lat' dir='ltr'>diem</span> <span class='ocrx_word' id='word_1_18' title='bbox 1350 373 1606 414; x_wconf 83' lang='lat' dir='ltr'>amariorem</span> <span class='ocrx_word' id='word_1_19' title='bbox 1649 372 1807 428; x_wconf 80' lang='lat' dir='ltr'>agebat</span> 
     </span>
     <span class='ocr_line' id='line_1_6' title="bbox 410 439 1808 497; baseline -0.001 -14"><span class='ocrx_word' id='word_1_20' title='bbox 410 442 583 484; x_wconf 77' lang='lat' dir='ltr'>moesti¹</span> <span class='ocrx_word' id='word_1_21' title='bbox 641 442 820 497; x_wconf 81' lang='lat' dir='ltr'>spiritus</span> <span class='ocrx_word' id='word_1_22' title='bbox 872 441 1042 497; x_wconf 79' lang='lat' dir='ltr'>agonia.</span> <span class='ocrx_word' id='word_1_23' title='bbox 1146 441 1264 492; x_wconf 72' lang='lat' dir='ltr'>Quid</span> <span class='ocrx_word' id='word_1_24' title='bbox 1308 441 1478 482; x_wconf 86' lang='lat' dir='ltr'>tristius</span> <span class='ocrx_word' id='word_1_25' title='bbox 1519 442 1587 481; x_wconf 76' lang='lat' dir='ltr'>liis</span> <span class='ocrx_word' id='word_1_26' title='bbox 1629 439 1808 482; x_wconf 75' lang='lat' dir='ltr'>diebus&#39;2</span> 
     </span>
     <span class='ocr_line' id='line_1_7' title="bbox 409 509 1808 567; baseline -0.001 -16"><span class='ocrx_word' id='word_1_27' title='bbox 409 511 606 567; x_wconf 80' lang='lat' dir='ltr'>pessimis</span> <span class='ocrx_word' id='word_1_28' title='bbox 658 510 877 565; x_wconf 73' lang='lat' dir='ltr'>aspicitur,</span> <span class='ocrx_word' id='word_1_29' title='bbox 922 524 1051 564; x_wconf 86' lang='lat' dir='ltr'>quam</span> <span class='ocrx_word' id='word_1_30' title='bbox 1101 509 1216 564; x_wconf 87' lang='lat' dir='ltr'>quod</span> <span class='ocrx_word' id='word_1_31' title='bbox 1271 523 1367 550; x_wconf 88' lang='lat' dir='ltr'>cum</span> <span class='ocrx_word' id='word_1_32' title='bbox 1418 509 1606 550; x_wconf 85' lang='lat' dir='ltr'>mundus</span> <span class='ocrx_word' id='word_1_33' title='bbox 1656 509 1808 564; x_wconf 88' lang='lat' dir='ltr'>plenus</span> 
     </span>
     <span class='ocr_line' id='line_1_8' title="bbox 409 577 1809 634; baseline -0.002 -14"><span class='ocrx_word' id='word_1_34' title='bbox 409 580 468 620; x_wconf 82' lang='lat' dir='ltr'>sit</span> <span class='ocrx_word' id='word_1_35' title='bbox 500 578 706 620; x_wconf 84' lang='lat' dir='ltr'>clericalis</span> <span class='ocrx_word' id='word_1_36' title='bbox 740 577 1027 634; x_wconf 85' lang='lat' dir='ltr'>professionis,</span> <span class='ocrx_word' id='word_1_37' title='bbox 1062 577 1313 618; x_wconf 76' lang='lat' dir='ltr'>hominibus</span> <span class='ocrx_word' id='word_1_38' title='bbox 1345 581 1443 632; x_wconf 88' lang='lat' dir='ltr'>post</span> <span class='ocrx_word' id='word_1_39' title='bbox 1487 577 1809 632; x_wconf 68' lang='lat' dir='ltr'>disquisitiones</span> 
     </span>
     <span class='ocr_line' id='line_1_9' title="bbox 411 645 1810 703; baseline -0.003 -14"><span class='ocrx_word' id='word_1_40' title='bbox 411 651 796 703; x_wconf 82' lang='lat' dir='ltr'>quantumcuuque</span> <span class='ocrx_word' id='word_1_41' title='bbox 837 646 1045 687; x_wconf 85' lang='lat' dir='ltr'>sollicitas</span> <span class='ocrx_word' id='word_1_42' title='bbox 1088 645 1333 686; x_wconf 72' lang='lat' dir='ltr'>diutissime</span> <span class='ocrx_word' id='word_1_43' title='bbox 1376 646 1582 701; x_wconf 65' lang='lat' dir='ltr'>qufesitis,</span> <span class='ocrx_word' id='word_1_44' title='bbox 1626 645 1703 686; x_wconf 83' lang='lat' dir='ltr'>vix</span> <span class='ocrx_word' id='word_1_45' title='bbox 1745 659 1810 685; x_wconf 88' lang='lat' dir='ltr'>re-</span> 
     </span>
     <span class='ocr_line' id='line_1_10' title="bbox 410 713 1810 772; baseline -0.003 -15"><span class='ocrx_word' id='word_1_46' title='bbox 410 717 578 772; x_wconf 83' lang='lat' dir='ltr'>peritur</span> <span class='ocrx_word' id='word_1_47' title='bbox 630 730 758 771; x_wconf 85' lang='lat' dir='ltr'>quem</span> <span class='ocrx_word' id='word_1_48' title='bbox 803 714 1030 770; x_wconf 71' lang='lat' dir='ltr'>pontifice3</span> <span class='ocrx_word' id='word_1_49' title='bbox 1072 716 1294 768; x_wconf 85' lang='lat' dir='ltr'>utcunque</span> <span class='ocrx_word' id='word_1_50' title='bbox 1337 713 1611 755; x_wconf 74' lang='lat' dir='ltr'>tolerabilem</span> <span class='ocrx_word' id='word_1_51' title='bbox 1643 713 1699 754; x_wconf 86' lang='lat' dir='ltr'>ad</span> <span class='ocrx_word' id='word_1_52' title='bbox 1736 713 1810 753; x_wconf 83' lang='lat' dir='ltr'>ad-</span> 
     </span>
     <span class='ocr_line' id='line_1_11' title="bbox 405 780 1809 839; baseline -0.003 -14"><span class='ocrx_word' id='word_1_53' title='bbox 405 785 622 839; x_wconf 85' lang='lat' dir='ltr'>jutorium</span> <span class='ocrx_word' id='word_1_54' title='bbox 675 783 906 839; x_wconf 72' lang='lat' dir='ltr'>operandae</span> <span class='ocrx_word' id='word_1_55' title='bbox 959 782 1114 823; x_wconf 83' lang='lat' dir='ltr'>salutis</span> <span class='ocrx_word' id='word_1_56' title='bbox 1172 782 1350 822; x_wconf 74' lang='lat' dir='ltr'>valeant</span> <span class='ocrx_word' id='word_1_57' title='bbox 1404 795 1629 822; x_wconf 82' lang='lat' dir='ltr'>assumere.</span> <span class='ocrx_word' id='word_1_58' title='bbox 1723 780 1809 821; x_wconf 81' lang='lat' dir='ltr'>Sed</span> 
     </span>
     <span class='ocr_line' id='line_1_12' title="bbox 412 849 1811 906; baseline -0.004 -12"><span class='ocrx_word' id='word_1_59' title='bbox 412 856 563 894; x_wconf 86' lang='lat' dir='ltr'>contra</span> <span class='ocrx_word' id='word_1_60' title='bbox 597 853 708 893; x_wconf 88' lang='lat' dir='ltr'>hanc</span> <span class='ocrx_word' id='word_1_61' title='bbox 739 851 975 892; x_wconf 87' lang='lat' dir='ltr'>immanem</span> <span class='ocrx_word' id='word_1_62' title='bbox 1008 850 1203 906; x_wconf 69' lang='lat' dir='ltr'>perfidizc</span> <span class='ocrx_word' id='word_1_63' title='bbox 1230 850 1519 905; x_wconf 81' lang='lat' dir='ltr'>pestem,jam</span> <span class='ocrx_word' id='word_1_64' title='bbox 1549 864 1664 891; x_wconf 88' lang='lat' dir='ltr'>nunc</span> <span class='ocrx_word' id='word_1_65' title='bbox 1691 849 1811 889; x_wconf 82' lang='lat' dir='ltr'>latis-</span> 
     </span>
     <span class='ocr_line' id='line_1_13' title="bbox 411 917 1809 976; baseline -0.003 -15"><span class='ocrx_word' id='word_1_66' title='bbox 411 922 516 961; x_wconf 88' lang='lat' dir='ltr'>sime</span> <span class='ocrx_word' id='word_1_67' title='bbox 551 923 846 976; x_wconf 76' lang='lat' dir='ltr'>pervagatam,</span> <span class='ocrx_word' id='word_1_68' title='bbox 880 919 966 960; x_wconf 84' lang='lat' dir='ltr'>scio</span> <span class='ocrx_word' id='word_1_69' title='bbox 999 919 1114 973; x_wconf 79' lang='lat' dir='ltr'>quod</span> <span class='ocrx_word' id='word_1_70' title='bbox 1147 919 1321 959; x_wconf 89' lang='lat' dir='ltr'>unicum</span> <span class='ocrx_word' id='word_1_71' title='bbox 1354 918 1540 959; x_wconf 83' lang='lat' dir='ltr'>occurrit</span> <span class='ocrx_word' id='word_1_72' title='bbox 1571 917 1809 959; x_wconf 86' lang='lat' dir='ltr'>remedium</span> 
     </span>
     <span class='ocr_line' id='line_1_14' title="bbox 412 986 1811 1045; baseline -0.003 -16"><span class='ocrx_word' id='word_1_73' title='bbox 412 990 527 1045; x_wconf 81' lang='lat' dir='ltr'>quod</span> <span class='ocrx_word' id='word_1_74' title='bbox 577 989 701 1029; x_wconf 87' lang='lat' dir='ltr'>docet</span> <span class='ocrx_word' id='word_1_75' title='bbox 750 987 786 1028; x_wconf 87' lang='lat' dir='ltr'>is</span> <span class='ocrx_word' id='word_1_76' title='bbox 835 987 909 1042; x_wconf 87' lang='lat' dir='ltr'>qui</span> <span class='ocrx_word' id='word_1_77' title='bbox 959 987 1082 1028; x_wconf 81' lang='lat' dir='ltr'>venit</span> <span class='ocrx_word' id='word_1_78' title='bbox 1132 987 1318 1027; x_wconf 84' lang='lat' dir='ltr'>salutem</span> <span class='ocrx_word' id='word_1_79' title='bbox 1368 987 1534 1042; x_wconf 83' lang='lat' dir='ltr'>operari</span> <span class='ocrx_word' id='word_1_80' title='bbox 1579 986 1623 1026; x_wconf 89' lang='lat' dir='ltr'>in</span> <span class='ocrx_word' id='word_1_81' title='bbox 1669 986 1811 1026; x_wconf 87' lang='lat' dir='ltr'>medio</span> 
     </span>
     <span class='ocr_line' id='line_1_15' title="bbox 412 1053 1808 1109; baseline -0.004 -10"><span class='ocrx_word' id='word_1_82' title='bbox 412 1061 568 1099; x_wconf 71' lang='lat' dir='ltr'>terrze:</span> <span class='ocrx_word' id='word_1_83' title='bbox 616 1065 637 1077; x_wconf 71' lang='lat'>‘⁴</span> <span class='ocrx_word' id='word_1_84' title='bbox 661 1055 853 1103; x_wconf 56' lang='lat' dir='ltr'>Messisj’</span> <span class='ocrx_word' id='word_1_85' title='bbox 885 1055 1031 1109; x_wconf 87' lang='lat' dir='ltr'>inquit</span> <span class='ocrx_word' id='word_1_86' title='bbox 1067 1054 1284 1103; x_wconf 80' lang='lat' dir='ltr'>“111ulta,&#39;&#39;</span> <span class='ocrx_word' id='word_1_87' title='bbox 1317 1058 1395 1096; x_wconf 88' lang='lat' dir='ltr'>etc.</span> <span class='ocrx_word' id='word_1_88' title='bbox 1451 1060 1471 1074; x_wconf 85' lang='lat'><em>“</em></span> <span class='ocrx_word' id='word_1_89' title='bbox 1492 1053 1698 1109; x_wconf 77' lang='lat' dir='ltr'>Rogate‚”</span> <span class='ocrx_word' id='word_1_90' title='bbox 1734 1057 1808 1095; x_wconf 88' lang='lat' dir='ltr'>etc.</span> 
     </span>
     <span class='ocr_line' id='line_1_16' title="bbox 413 1121 1812 1178; baseline -0.003 -12"><span class='ocrx_word' id='word_1_91' title='bbox 413 1125 582 1176; x_wconf 73' lang='lat' dir='ltr'>Quibus</span> <span class='ocrx_word' id='word_1_92' title='bbox 613 1124 845 1165; x_wconf 80' lang='lat' dir='ltr'>evocandis</span> <span class='ocrx_word' id='word_1_93' title='bbox 882 1123 988 1178; x_wconf 73' lang='lat' dir='ltr'>quid</span> <span class='ocrx_word' id='word_1_94' title='bbox 1031 1123 1191 1163; x_wconf 74' lang='lat' dir='ltr'>rectius</span> <span class='ocrx_word' id='word_1_95' title='bbox 1238 1122 1485 1163; x_wconf 83' lang='lat' dir='ltr'>attenditur</span> <span class='ocrx_word' id='word_1_96' title='bbox 1532 1137 1661 1177; x_wconf 83' lang='lat' dir='ltr'>quam</span> <span class='ocrx_word' id='word_1_97' title='bbox 1696 1121 1812 1176; x_wconf 87' lang='lat' dir='ltr'>quod</span> 
     </span>
     <span class='ocr_line' id='line_1_17' title="bbox 412 1189 1814 1247; baseline -0.004 -13"><span class='ocrx_word' id='word_1_98' title='bbox 412 1193 622 1234; x_wconf 82' lang='lat' dir='ltr'>altissima</span> <span class='ocrx_word' id='word_1_99' title='bbox 670 1192 898 1247; x_wconf 72' lang='lat' dir='ltr'>Sapientia</span> <span class='ocrx_word' id='word_1_100' title='bbox 944 1206 1041 1232; x_wconf 88' lang='lat' dir='ltr'>eum</span> <span class='ocrx_word' id='word_1_101' title='bbox 1090 1191 1164 1245; x_wconf 87' lang='lat' dir='ltr'>qui</span> <span class='ocrx_word' id='word_1_102' title='bbox 1212 1205 1340 1245; x_wconf 88' lang='lat' dir='ltr'>super</span> <span class='ocrx_word' id='word_1_103' title='bbox 1379 1205 1516 1245; x_wconf 87' lang='lat' dir='ltr'>pauca</span> <span class='ocrx_word' id='word_1_104' title='bbox 1557 1190 1642 1230; x_wconf 90' lang='lat' dir='ltr'>suit</span> <span class='ocrx_word' id='word_1_105' title='bbox 1673 1189 1814 1230; x_wconf 87' lang='lat' dir='ltr'>fidelis</span> 
     </span>
     <span class='ocr_line' id='line_1_18' title="bbox 412 1257 1811 1317; baseline -0.004 -15"><span class='ocrx_word' id='word_1_106' title='bbox 412 1276 540 1317; x_wconf 87' lang='lat' dir='ltr'>super</span> <span class='ocrx_word' id='word_1_107' title='bbox 581 1260 721 1301; x_wconf 86' lang='lat' dir='ltr'>multa</span> <span class='ocrx_word' id='word_1_108' title='bbox 762 1259 1006 1310; x_wconf 85' lang='lat' dir='ltr'>constituit,</span> <span class='ocrx_word' id='word_1_109' title='bbox 1061 1258 1272 1299; x_wconf 84' lang='lat' dir='ltr'>definiens</span> <span class='ocrx_word' id='word_1_110' title='bbox 1310 1258 1442 1298; x_wconf 86' lang='lat' dir='ltr'>etiam</span> <span class='ocrx_word' id='word_1_111' title='bbox 1487 1257 1604 1312; x_wconf 87' lang='lat' dir='ltr'>quod</span> <span class='ocrx_word' id='word_1_112' title='bbox 1649 1257 1723 1312; x_wconf 88' lang='lat' dir='ltr'>qui</span> <span class='ocrx_word' id='word_1_113' title='bbox 1766 1257 1811 1297; x_wconf 91' lang='lat' dir='ltr'>in</span> 
     </span>
     <span class='ocr_line' id='line_1_19' title="bbox 413 1324 1814 1381; baseline -0.004 -12"><span class='ocrx_word' id='word_1_114' title='bbox 413 1329 581 1370; x_wconf 89' lang='lat' dir='ltr'>modico</span> <span class='ocrx_word' id='word_1_115' title='bbox 614 1331 680 1369; x_wconf 84' lang='lat' dir='ltr'>est</span> <span class='ocrx_word' id='word_1_116' title='bbox 713 1327 911 1373; x_wconf 76' lang='lat' dir='ltr'>infidelis,</span> <span class='ocrx_word' id='word_1_117' title='bbox 938 1327 1089 1381; x_wconf 80' lang='lat' dir='ltr'>utique</span> <span class='ocrx_word' id='word_1_118' title='bbox 1122 1326 1255 1367; x_wconf 84' lang='lat' dir='ltr'>etiam</span> <span class='ocrx_word' id='word_1_119' title='bbox 1288 1329 1331 1366; x_wconf 84' lang='lat' dir='ltr'>et</span> <span class='ocrx_word' id='word_1_120' title='bbox 1356 1326 1402 1366; x_wconf 89' lang='lat' dir='ltr'>in</span> <span class='ocrx_word' id='word_1_121' title='bbox 1436 1340 1593 1380; x_wconf 79' lang='lat' dir='ltr'>niagno</span> <span class='ocrx_word' id='word_1_122' title='bbox 1625 1324 1814 1365; x_wconf 87' lang='lat' dir='ltr'>infidelis</span> 
     </span>
     <span class='ocr_line' id='line_1_20' title="bbox 413 1392 1815 1448; baseline -0.003 -11"><span class='ocrx_word' id='word_1_123' title='bbox 413 1398 505 1438; x_wconf 85' lang='lat' dir='ltr'>erit.</span> <span class='ocrx_word' id='word_1_124' title='bbox 573 1396 699 1447; x_wconf 78' lang='lat' dir='ltr'>Quod</span> <span class='ocrx_word' id='word_1_125' title='bbox 732 1398 776 1435; x_wconf 90' lang='lat' dir='ltr'>et</span> <span class='ocrx_word' id='word_1_126' title='bbox 808 1399 999 1436; x_wconf 80' lang='lat' dir='ltr'>vestram</span> <span class='ocrx_word' id='word_1_127' title='bbox 1035 1394 1314 1435; x_wconf 77' lang='lat' dir='ltr'>sanctitatem</span> <span class='ocrx_word' id='word_1_128' title='bbox 1354 1397 1445 1434; x_wconf 86' lang='lat' dir='ltr'>tam</span> <span class='ocrx_word' id='word_1_129' title='bbox 1477 1393 1729 1448; x_wconf 85' lang='lat' dir='ltr'>frequenter</span> <span class='ocrx_word' id='word_1_130' title='bbox 1760 1392 1815 1433; x_wconf 85' lang='lat' dir='ltr'>ad</span> 
     </span>
     <span class='ocr_line' id='line_1_21' title="bbox 415 1461 1813 1518; baseline -0.004 -13"><span class='ocrx_word' id='word_1_131' title='bbox 415 1464 732 1506; x_wconf 63' lang='lat' dir='ltr'>insprmandam</span> <span class='ocrx_word' id='word_1_132' title='bbox 765 1464 849 1518; x_wconf 70' lang='lat' dir='ltr'>pia·r</span> <span class='ocrx_word' id='word_1_133' title='bbox 899 1461 1296 1517; x_wconf 84' lang='lat' dir='ltr'>circumspectionis</span> <span class='ocrx_word' id='word_1_134' title='bbox 1349 1461 1561 1502; x_wconf 73' lang='lat' dir='ltr'>cautelam</span> <span class='ocrx_word' id='word_1_135' title='bbox 1614 1461 1813 1501; x_wconf 73' lang='lat' dir='ltr'>recitasse</span> 
     </span>
     <span class='ocr_line' id='line_1_22' title="bbox 415 1528 1815 1587; baseline -0.004 -13"><span class='ocrx_word' id='word_1_136' title='bbox 415 1532 608 1587; x_wconf 71' lang='lat' dir='ltr'>cognovi.</span> <span class='ocrx_word' id='word_1_137' title='bbox 704 1531 789 1572; x_wconf 74' lang='lat' dir='ltr'>Sed</span> <span class='ocrx_word' id='word_1_138' title='bbox 836 1531 888 1571; x_wconf 82' lang='lat' dir='ltr'>de</span> <span class='ocrx_word' id='word_1_139' title='bbox 941 1530 1007 1571; x_wconf 89' lang='lat' dir='ltr'>his</span> <span class='ocrx_word' id='word_1_140' title='bbox 1055 1530 1265 1570; x_wconf 82' lang='lat' dir='ltr'>hactenus</span> <span class='ocrx_word' id='word_1_141' title='bbox 1317 1544 1498 1584; x_wconf 83' lang='lat' dir='ltr'>quorum</span> <span class='ocrx_word' id='word_1_142' title='bbox 1557 1528 1815 1569; x_wconf 77' lang='lat' dir='ltr'>amarissimi</span> 
     </span>
     <span class='ocr_line' id='line_1_23' title="bbox 415 1596 1815 1655; baseline -0.004 -14"><span class='ocrx_word' id='word_1_143' title='bbox 415 1601 615 1655; x_wconf 77' lang='lat' dir='ltr'>planctus</span> <span class='ocrx_word' id='word_1_144' title='bbox 653 1599 842 1655; x_wconf 69' lang='lat' dir='ltr'>justitiae</span> <span class='ocrx_word' id='word_1_145' title='bbox 888 1612 1013 1639; x_wconf 86' lang='lat' dir='ltr'>voces</span> <span class='ocrx_word' id='word_1_146' title='bbox 1058 1600 1263 1653; x_wconf 77' lang='lat' dir='ltr'>premunt</span> <span class='ocrx_word' id='word_1_147' title='bbox 1308 1600 1352 1638; x_wconf 85' lang='lat' dir='ltr'>et</span> <span class='ocrx_word' id='word_1_148' title='bbox 1400 1596 1654 1652; x_wconf 80' lang='lat' dir='ltr'>exprimunt</span> <span class='ocrx_word' id='word_1_149' title='bbox 1691 1596 1815 1637; x_wconf 86' lang='lat' dir='ltr'>lacri-</span> 
     </span>
     <span class='ocr_line' id='line_1_24' title="bbox 415 1683 517 1710; baseline 0 -1"><span class='ocrx_word' id='word_1_150' title='bbox 415 1683 517 1710; x_wconf 86' lang='lat' dir='ltr'>mas.</span> 
     </span>
    </p>

    <p class='ocr_par' dir='ltr' id='par_1_4' title="bbox 418 1731 1817 1994">
     <span class='ocr_line' id='line_1_25' title="bbox 476 1731 1815 1777; baseline -0.003 -1"><span class='ocrx_word' id='word_1_151' title='bbox 476 1737 564 1777; x_wconf 88' lang='lat' dir='ltr'>Det</span> <span class='ocrx_word' id='word_1_152' title='bbox 616 1735 740 1776; x_wconf 80' lang='lat' dir='ltr'>vobis</span> <span class='ocrx_word' id='word_1_153' title='bbox 800 1749 875 1775; x_wconf 86' lang='lat' dir='ltr'>oro</span> <span class='ocrx_word' id='word_1_154' title='bbox 928 1733 1044 1774; x_wconf 87' lang='lat' dir='ltr'>inter</span> <span class='ocrx_word' id='word_1_155' title='bbox 1095 1736 1321 1774; x_wconf 75' lang='lat' dir='ltr'>tantarum</span> <span class='ocrx_word' id='word_1_156' title='bbox 1370 1747 1513 1773; x_wconf 89' lang='lat' dir='ltr'>rerum</span> <span class='ocrx_word' id='word_1_157' title='bbox 1561 1731 1815 1773; x_wconf 81' lang='lat' dir='ltr'>discrimina</span> 
     </span>
     <span class='ocr_line' id='line_1_26' title="bbox 418 1799 1814 1856; baseline -0.004 -11"><span class='ocrx_word' id='word_1_158' title='bbox 418 1804 619 1846; x_wconf 88' lang='lat' dir='ltr'>Christus</span> <span class='ocrx_word' id='word_1_159' title='bbox 651 1803 734 1843; x_wconf 87' lang='lat' dir='ltr'>Dei</span> <span class='ocrx_word' id='word_1_160' title='bbox 768 1802 918 1850; x_wconf 83' lang='lat' dir='ltr'>virtus,</span> <span class='ocrx_word' id='word_1_161' title='bbox 953 1804 998 1842; x_wconf 89' lang='lat' dir='ltr'>et</span> <span class='ocrx_word' id='word_1_162' title='bbox 1036 1801 1117 1841; x_wconf 90' lang='lat' dir='ltr'>Dei</span> <span class='ocrx_word' id='word_1_163' title='bbox 1151 1800 1377 1856; x_wconf 73' lang='lat' dir='ltr'>sapientia,</span> <span class='ocrx_word' id='word_1_164' title='bbox 1411 1814 1529 1854; x_wconf 84' lang='lat' dir='ltr'>spem</span> <span class='ocrx_word' id='word_1_165' title='bbox 1563 1799 1727 1840; x_wconf 81' lang='lat' dir='ltr'>consilii</span> <span class='ocrx_word' id='word_1_166' title='bbox 1759 1800 1814 1840; x_wconf 86' lang='lat' dir='ltr'>ad</span> 
     </span>
     <span class='ocr_line' id='line_1_27' title="bbox 418 1867 1817 1925; baseline -0.004 -12"><span class='ocrx_word' id='word_1_167' title='bbox 418 1872 641 1913; x_wconf 85' lang='lat' dir='ltr'>electionis</span> <span class='ocrx_word' id='word_1_168' title='bbox 672 1869 944 1917; x_wconf 85' lang='lat' dir='ltr'>industriam,</span> <span class='ocrx_word' id='word_1_169' title='bbox 980 1869 1265 1925; x_wconf 84' lang='lat' dir='ltr'>spiritumque</span> <span class='ocrx_word' id='word_1_170' title='bbox 1310 1867 1581 1909; x_wconf 69' lang='lat' dir='ltr'>fin‘titudinis</span> <span class='ocrx_word' id='word_1_171' title='bbox 1623 1868 1678 1908; x_wconf 88' lang='lat' dir='ltr'>ad</span> <span class='ocrx_word' id='word_1_172' title='bbox 1721 1882 1817 1908; x_wconf 80' lang='lat' dir='ltr'>exe-</span> 
     </span>
     <span class='ocr_line' id='line_1_28' title="bbox 420 1940 915 1994; baseline -0.008 -12"><span class='ocrx_word' id='word_1_173' title='bbox 420 1940 609 1982; x_wconf 82' lang='lat' dir='ltr'>cutionis</span> <span class='ocrx_word' id='word_1_174' title='bbox 640 1941 915 1994; x_wconf 84' lang='lat' dir='ltr'>potestatem.</span> 
     </span>
    </p>
   </div>
   <div class='ocr_carea' id='block_1_4' title="bbox 1053 2120 1172 2162">
    <p class='ocr_par' dir='ltr' id='par_1_5' title="bbox 1053 2120 1172 2162">
     <span class='ocr_line' id='line_1_29' title="bbox 1053 2120 1172 2162; baseline -0.008 0"><span class='ocrx_word' id='word_1_175' title='bbox 1053 2120 1172 2162; x_wconf 88' lang='lat' dir='ltr'>XLI.</span> 
     </span>
    </p>
   </div>
   <div class='ocr_carea' id='block_1_5' title="bbox 462 2226 1763 2351">
    <p class='ocr_par' dir='ltr' id='par_1_6' title="bbox 462 2226 1763 2351">
     <span class='ocr_line' id='line_1_30' title="bbox 462 2226 1763 2273; baseline -0.003 -1"><span class='ocrx_word' id='word_1_176' title='bbox 462 2230 661 2273; x_wconf 67' lang='lat' dir='ltr'>Domino</span> <span class='ocrx_word' id='word_1_177' title='bbox 694 2229 950 2271; x_wconf 56' lang='lat' dir='ltr'>LWconziw</span> <span class='ocrx_word' id='word_1_178' title='bbox 983 2229 1144 2270; x_wconf 58' lang='lat' dir='ltr'>Frater</span> <span class='ocrx_word' id='word_1_179' title='bbox 1175 2227 1283 2270; x_wconf 57' lang='lat' dir='ltr'>Acla</span> <span class='ocrx_word' id='word_1_180' title='bbox 1321 2227 1514 2270; x_wconf 74' lang='lat' dir='ltr'>salutem</span> <span class='ocrx_word' id='word_1_181' title='bbox 1545 2226 1600 2269; x_wconf 65' lang='lat' dir='ltr'>in</span> <span class='ocrx_word' id='word_1_182' title='bbox 1632 2227 1763 2269; x_wconf 67' lang='lat' dir='ltr'>terris</span> 
     </span>
     <span class='ocr_line' id='line_1_31' title="bbox 834 2295 1407 2351; baseline 0 -14"><span class='ocrx_word' id='word_1_183' title='bbox 834 2301 871 2337; x_wconf 70' lang='lat' dir='ltr'>et</span> <span class='ocrx_word' id='word_1_184' title='bbox 901 2296 1100 2351; x_wconf 71' lang='lat' dir='ltr'>gylore‘um</span> <span class='ocrx_word' id='word_1_185' title='bbox 1131 2295 1186 2337; x_wconf 59' lang='lat' dir='ltr'>sin</span> <span class='ocrx_word' id='word_1_186' title='bbox 1218 2295 1407 2337; x_wconf 53' lang='lat' dir='ltr'>excelsis.</span> 
     </span>
    </p>
   </div>
   <div class='ocr_carea' id='block_1_6' title="bbox 424 2401 1820 2729">
    <p class='ocr_par' dir='ltr' id='par_1_7' title="bbox 424 2401 1820 2729">
     <span class='ocr_line' id='line_1_32' title="bbox 485 2401 1820 2458; baseline -0.003 -14"><span class='ocrx_word' id='word_1_187' title='bbox 485 2403 595 2445; x_wconf 78' lang='lat' dir='ltr'>Cum</span> <span class='ocrx_word' id='word_1_188' title='bbox 643 2417 769 2458; x_wconf 88' lang='lat' dir='ltr'>super</span> <span class='ocrx_word' id='word_1_189' title='bbox 816 2402 1024 2443; x_wconf 88' lang='lat' dir='ltr'>electione</span> <span class='ocrx_word' id='word_1_190' title='bbox 1072 2416 1210 2456; x_wconf 84' lang='lat' dir='ltr'>nuper</span> <span class='ocrx_word' id='word_1_191' title='bbox 1254 2401 1470 2442; x_wconf 86' lang='lat' dir='ltr'>celebrata</span> <span class='ocrx_word' id='word_1_192' title='bbox 1514 2401 1566 2441; x_wconf 87' lang='lat' dir='ltr'>de</span> <span class='ocrx_word' id='word_1_193' title='bbox 1610 2401 1820 2456; x_wconf 80' lang='lat' dir='ltr'>magistro</span> 
     </span>
     <span class='ocr_line' id='line_1_33' title="bbox 425 2468 1819 2525; baseline -0.003 -13"><span class='ocrx_word' id='word_1_194' title='bbox 425 2472 467 2511; x_wconf 91' lang='lat' dir='ltr'>N</span> <span class='ocrx_word' id='word_1_195' title='bbox 472 2504 491 2517; x_wconf 83' lang='lat'>.,</span> <span class='ocrx_word' id='word_1_196' title='bbox 516 2475 560 2512; x_wconf 89' lang='lat' dir='ltr'>et</span> <span class='ocrx_word' id='word_1_197' title='bbox 585 2485 781 2511; x_wconf 87' lang='lat' dir='ltr'>assensus</span> <span class='ocrx_word' id='word_1_198' title='bbox 809 2470 953 2525; x_wconf 82' lang='lat' dir='ltr'>regius</span> <span class='ocrx_word' id='word_1_199' title='bbox 980 2474 1024 2510; x_wconf 89' lang='lat' dir='ltr'>et</span> <span class='ocrx_word' id='word_1_200' title='bbox 1053 2469 1196 2523; x_wconf 82' lang='lat' dir='ltr'>gratia</span> <span class='ocrx_word' id='word_1_201' title='bbox 1228 2468 1569 2509; x_wconf 84' lang='lat' dir='ltr'>confirmationis</span> <span class='ocrx_word' id='word_1_202' title='bbox 1603 2468 1742 2509; x_wconf 90' lang='lat' dir='ltr'>adhuc</span> <span class='ocrx_word' id='word_1_203' title='bbox 1774 2469 1819 2509; x_wconf 92' lang='lat' dir='ltr'>in</span> 
     </span>
     <span class='ocr_line' id='line_1_34' title="bbox 424 2536 1820 2594; baseline -0.001 -15"><span class='ocrx_word' id='word_1_204' title='bbox 424 2539 628 2594; x_wconf 78' lang='lat' dir='ltr'>ambiguo</span> <span class='ocrx_word' id='word_1_205' title='bbox 673 2537 860 2593; x_wconf 84' lang='lat' dir='ltr'>pendeat</span> <span class='ocrx_word' id='word_1_206' title='bbox 893 2540 1067 2587; x_wconf 88' lang='lat' dir='ltr'>eventu,</span> <span class='ocrx_word' id='word_1_207' title='bbox 1103 2536 1138 2576; x_wconf 84' lang='lat' dir='ltr'>si</span> <span class='ocrx_word' id='word_1_208' title='bbox 1173 2536 1288 2577; x_wconf 90' lang='lat' dir='ltr'>dicto</span> <span class='ocrx_word' id='word_1_209' title='bbox 1317 2536 1370 2577; x_wconf 89' lang='lat' dir='ltr'>N.</span> <span class='ocrx_word' id='word_1_210' title='bbox 1396 2550 1473 2591; x_wconf 89' lang='lat' dir='ltr'>pro</span> <span class='ocrx_word' id='word_1_211' title='bbox 1506 2538 1651 2577; x_wconf 80' lang='lat' dir='ltr'>vestra</span> <span class='ocrx_word' id='word_1_212' title='bbox 1676 2550 1820 2577; x_wconf 77' lang='lat' dir='ltr'>rever-</span> 
     </span>
     <span class='ocr_line' id='line_1_35' title="bbox 424 2603 1817 2658; baseline -0.004 -11"><span class='ocrx_word' id='word_1_213' title='bbox 424 2607 544 2647; x_wconf 86' lang='lat' dir='ltr'>entia</span> <span class='ocrx_word' id='word_1_214' title='bbox 605 2620 701 2646; x_wconf 86' lang='lat' dir='ltr'>mea</span> <span class='ocrx_word' id='word_1_215' title='bbox 763 2605 1002 2652; x_wconf 85' lang='lat' dir='ltr'>modicitas,</span> <span class='ocrx_word' id='word_1_216' title='bbox 1065 2603 1299 2645; x_wconf 88' lang='lat' dir='ltr'>secundum</span> <span class='ocrx_word' id='word_1_217' title='bbox 1364 2603 1480 2658; x_wconf 89' lang='lat' dir='ltr'>quod</span> <span class='ocrx_word' id='word_1_218' title='bbox 1553 2603 1817 2651; x_wconf 74' lang='lat' dir='ltr'>insinuastis,</span> 
     </span>
     <span class='ocr_line' id='line_1_36' title="bbox 424 2670 1820 2729; baseline -0.001 -14"><span class='ocrx_word' id='word_1_219' title='bbox 424 2674 629 2715; x_wconf 85' lang='lat' dir='ltr'>scriberet</span> <span class='ocrx_word' id='word_1_220' title='bbox 693 2672 929 2729; x_wconf 68' lang='lat' dir='ltr'>petitorias,</span> <span class='ocrx_word' id='word_1_221' title='bbox 995 2674 1138 2727; x_wconf 84' lang='lat' dir='ltr'>posset</span> <span class='ocrx_word' id='word_1_222' title='bbox 1200 2675 1250 2712; x_wconf 91' lang='lat' dir='ltr'>ut</span> <span class='ocrx_word' id='word_1_223' title='bbox 1312 2670 1439 2711; x_wconf 85' lang='lat' dir='ltr'>video</span> <span class='ocrx_word' id='word_1_224' title='bbox 1502 2684 1588 2710; x_wconf 88' lang='lat' dir='ltr'>non</span> <span class='ocrx_word' id='word_1_225' title='bbox 1651 2670 1820 2713; x_wconf 82' lang='lat' dir='ltr'>irratio-</span> 
     </span>
    </p>
   </div>
   <div class='ocr_carea' id='block_1_7' title="bbox 494 2775 1589 2786">
    <p class='ocr_par' dir='ltr' id='par_1_8' title="bbox 494 2775 1589 2786">
     <span class='ocr_line' id='line_1_37' title="bbox 494 2775 1589 2786; baseline 0 0"><span class='ocrx_word' id='word_1_226' title='bbox 494 2775 1589 2786; x_wconf 95' lang='lat' dir='ltr'> </span> 
     </span>
    </p>
   </div>
   <div class='ocr_carea' id='block_1_8' title="bbox 469 2838 1442 2884">
    <p class='ocr_par' dir='ltr' id='par_1_9' title="bbox 469 2838 1442 2884">
     <span class='ocr_line' id='line_1_38' title="bbox 469 2838 1442 2884; baseline -0.004 -9"><span class='ocrx_word' id='word_1_227' title='bbox 469 2845 476 2863; x_wconf 87' lang='lat'>¹</span> <span class='ocrx_word' id='word_1_228' title='bbox 494 2846 608 2881; x_wconf 58' lang='lat' dir='ltr'>mestis,</span> <span class='ocrx_word' id='word_1_229' title='bbox 634 2843 706 2876; x_wconf 82' lang='lat' dir='ltr'>MS.</span> <span class='ocrx_word' id='word_1_230' title='bbox 1033 2839 1039 2884; x_wconf 82' lang='grc' dir='ltr'>Ι</span> <span class='ocrx_word' id='word_1_231' title='bbox 1188 2841 1199 2858; x_wconf 83' lang='lat'><strong>²</strong></span> <span class='ocrx_word' id='word_1_232' title='bbox 1215 2838 1344 2877; x_wconf 70' lang='lat' dir='ltr'>duobus,</span> <span class='ocrx_word' id='word_1_233' title='bbox 1370 2839 1442 2871; x_wconf 81' lang='lat' dir='ltr'>MS.</span> 
     </span>
    </p>
   </div>
  </div>
 </body>
</html>
