1905 3180
205 2650 343 2691 Regi-ets
355 2651 407 2683 his

204 2694 406 2736 disappoint-

204 2744 292 2770 ment
308 2744 340 2771 at
352 2745 408 2772 not

431 272 515 318 276
916 277 1021 312 ΑΒΕ,
1053 279 1113 310 DE
1144 278 1338 311 MAmsco

490 396 673 438 Gavisus
719 408 814 436 sum
857 408 954 435 cum
1000 391 1196 433 intellexi
1240 391 1355 446 quod
1405 390 1645 432 carissimus
1690 390 1826 431 frater

430 464 659 520 Gregorius
690 464 742 504 de
774 461 916 503 Bosell
947 460 999 502 (le
1032 459 1244 516 Lugduno
1276 459 1322 499 in
1353 457 1608 500 Vasconiam
1653 458 1708 501 ad
1747 472 1825 499 vos

427 533 641 587 profectus
684 531 846 580 fuisset,
893 529 965 583 qui
1012 531 1103 569 tam
1146 528 1268 569 vobis
1312 541 1441 581 quam
1479 526 1664 568 dominae
1711 540 1825 567 com-

424 601 567 651 itissae,
613 614 742 654 quam
789 601 833 639 et
880 596 1043 638 caeteris
1080 610 1156 637 vos
1200 595 1562 650 contingentibus,
1595 594 1823 651 providum

423 668 533 709 sicut
578 667 701 708 vobis
752 666 798 706 in
846 664 1017 706 Christo
1066 662 1366 704 devotissimus
1410 662 1569 717 poterit
1611 661 1823 703 auxilium

421 735 632 776 exhibere.
716 734 776 774 Et
808 747 903 774 cum
936 732 993 772 sit
1023 731 1212 786 prudens
1259 730 1416 784 eloquii
1461 729 1636 785 mystici
1681 729 1824 771 minus

421 803 657 844 curandum
720 801 873 857 putavi
921 799 1206 854 explanandis
1282 797 1516 853 Scripturae
1567 797 1825 839 testimoniis

421 871 613 925 superius
662 869 812 924 positis
858 868 1064 909 insistere.
1159 866 1449 908 Contristaret
1495 879 1690 907 excessus
1740 865 1824 921 piae

419 938 722 979 recordationis
768 936 963 991 magistri
1018 934 1192 975 Radulfi
1252 934 1303 975 (le
1348 932 1626 983 Cantuaria,¹
1681 933 1727 974 ni
1769 933 1825 975 ad

419 1005 727 1047 laetificandum
775 1006 1013 1046 occurreret
1059 1002 1260 1044 videlicet
1292 1001 1583 1057 praesumptio,
1618 1001 1733 1056 quod
1778 1001 1825 1042 in

420 1077 648 1129 conspectu
692 1071 870 1113 Domini
914 1071 1100 1126 pretiosa
1144 1070 1200 1111 sit
1244 1084 1359 1111 mors
1389 1070 1523 1125 ipsius
1555 1084 1686 1124 quam
1717 1083 1826 1125 prae-

421 1142 544 1183 cessit
575 1155 710 1195 usque
741 1140 796 1180 ad
829 1139 996 1181 exitum
1029 1138 1123 1179 vita
1154 1137 1394 1179 laudabilis.
1479 1137 1647 1179 Poterit
1678 1140 1824 1179 autem

420 1213 564 1251 vestra
615 1208 825 1259 discretio,
873 1208 908 1248 si
955 1207 1105 1262 placet,
1152 1220 1247 1246 cum
1296 1205 1470 1246 (lomina
1521 1205 1737 1249 comitissa
1782 1209 1826 1247 et

420 1277 551 1318 fratre
598 1275 803 1331 Gregorio
849 1274 955 1315 mihi
1001 1274 1169 1329 signare
1216 1272 1331 1328 quod
1383 1273 1584 1329 expedire
1625 1273 1826 1315 videatur

421 1344 475 1385 de
510 1358 746 1385 successore
793 1342 932 1384 eidem
980 1340 1295 1391 substituendo,
1334 1354 1502 1384 necnon
1545 1340 1597 1382 de
1633 1341 1826 1396 personis

422 1412 476 1452 ad
524 1410 810 1452 ministerium
855 1412 1050 1450 vestrum
1096 1409 1334 1458 evocandis,
1383 1422 1437 1449 ne
1479 1408 1526 1450 in
1571 1408 1651 1450 hac
1702 1412 1825 1465 parte

422 1478 603 1521 taedium
640 1477 799 1519 inferat
831 1476 1076 1518 diuturnior
1107 1476 1350 1531 expectatio
1382 1476 1667 1518 certitudinis.

484 1545 585 1586 Non
628 1545 719 1587 sine
762 1558 887 1586 causa
929 1547 1120 1586 vestram
1168 1543 1371 1585 exhortor
1401 1544 1449 1585 in
1482 1544 1654 1586 Christo
1675 1545 1827 1601 ,pieta-

423 1617 524 1664 tem,
589 1613 822 1657 anxissime
887 1612 1112 1654 obsecrans
1165 1614 1377 1666 quatenus
1439 1611 1621 1655 scribere
1682 1613 1827 1655 velitis

425 1681 608 1722 Ricardo
648 1680 700 1721 de
732 1679 1002 1734 Ave1·inges,‘-'
1045 1683 1096 1720 ut
1136 1693 1224 1720 non
1267 1679 1494 1735 permittat
1525 1680 1827 1723 ministeriales

422 1749 538 1790 viros
580 1748 625 1788 in
667 1747 839 1802 Anglia,
874 1747 1029 1801 quibus
1071 1750 1136 1788 est
1178 1761 1322 1788 rerum
1364 1747 1589 1788 commissa
1619 1749 1824 1801 custodia,

423 1816 587 1856 animas
619 1830 694 1870 pro
737 1814 893 1869 quibus
930 1817 1127 1856 mortuus
1163 1818 1228 1856 est
1259 1814 1424 1855 Auctor
1467 1814 1583 1857 Vitae
1627 1830 1827 1871 perneca-

422 1884 567 1926 biliter
613 1882 837 1924 trucidare.
934 1882 1173 1923 Conservet
1204 1882 1318 1923 inter
1349 1882 1581 1925 mundanae
1613 1883 1826 1926 vicissitu-

424 1951 536 1992 dinis
566 1951 755 2006 pericula
787 1964 980 1992 serenam
1013 1950 1325 1991 sublimitatem
1357 1953 1547 1992 vestram
1569 1951 1624 1992 ad
1644 1951 1825 2007 gloriam

422 2019 488 2059 sui
520 2018 707 2059 nominis
739 2018 1002 2067 Altissimus,
1036 2018 1083 2058 in
1116 2017 1288 2060 Christo
1320 2017 1349 2059 J
1354 2032 1428 2059 esu
1459 2032 1626 2074 semper
1658 2022 1702 2061 et
1726 2019 1826 2061 bea-

422 2086 588 2127 tissima
620 2086 810 2141 Virgine.

484 2153 612 2194 Valet
664 2154 864 2198 dominus
920 2153 1164 2196 Lincolniae.
1258 2154 1418 2195 Valent
1462 2154 1649 2196 illustres
1700 2155 1826 2197 liberi

423 2221 566 2271 vestri,
600 2221 657 2264 sit
689 2220 906 2264 Salvatori
938 2222 1260 2278 superexaltata
1290 2222 1543 2264 benedictio.

1026 2433 1224 2477 CXLIV.

471 2539 502 2580 I
503 2538 655 2581 llustrl
688 2538 875 2582 domim
906 2538 949 2583 S.
975 2539 1144 2584 Comitv:
1173 2539 1433 2596 Leyeestricc
1463 2540 1624 2583 Frater
1653 2541 1772 2584 Adfer.

487 2642 600 2683 Satis
646 2647 710 2684 est
752 2644 859 2685 mihi
910 2645 1138 2687 molestum
1192 2645 1307 2700 quod
1356 2644 1579 2686 vobiscum
1630 2648 1675 2687 et
1725 2659 1822 2688 cum

427 2710 600 2751 domina
621 2711 835 2752 comitissa
865 2712 982 2767 loqui
1014 2727 1102 2754 non
1134 2713 1256 2769 potui
1287 2713 1492 2755 hactenus
1523 2713 1632 2755 sicut
1663 2715 1821 2769 optavi.

472 2911 479 2929 ¹
506 2909 565 2941 Sco
583 2920 612 2951 p.
631 2914 703 2943 225.
1094 2915 1100 2959 '1
1165 2916 1177 2934 ²
1201 2915 1351 2959 Au⁹i9e3‚
1370 2915 1446 2948 MS.
