1905 3180
237 741 375 774 Thanks

236 787 296 818 her
311 786 363 816 for

236 841 335 870 many
352 834 419 861 acts

237 874 275 904 of
286 874 384 904 kind—

235 928 317 949 neSS.
365 918 397 947 Is

237 968 269 993 at
288 962 417 992 Oxford

236 1007 338 1046 ready
355 1011 387 1037 to

236 1051 319 1091 obey
336 1051 404 1080 her.

236 1094 324 1125 Wm.
338 1095 401 1125 Ba-

235 1138 298 1169 tale
315 1137 341 1169 is
358 1139 391 1169 in

235 1183 289 1213 the
306 1193 384 1214 con-

236 1232 315 1258 vent
331 1232 364 1259 at

237 1270 440 1312 Northamp-

235 1319 291 1345 ton
308 1316 443 1357 waiting

234 1360 290 1389 the
307 1361 403 1391 order

236 1403 274 1433 of
292 1403 343 1434 his

236 1447 410 1487 superiors.

242 2538 381 2579 Regrets

241 2582 311 2612 that
329 2582 428 2622 Grcg.

242 2626 281 2655 de
299 2626 408 2657 Bosell

241 2675 359 2702 cannot

459 277 482 315 10

489 277 511 316 Q>

519 277 542 315 Ν.)

944 282 1049 314 ADAE
1081 282 1142 313 DE
1172 280 1369 313 MARISCO

1076 414 1229 456 CLVI.

458 501 643 547 Illustra
677 500 876 543 domine&
911 498 983 549 S.)
1008 498 1246 541 comitis-sce
1280 497 1532 550 Comubz'ae,
1554 498 1716 541 Frater
1748 499 1858 542 Adeo

573 584 733 625 pacem
765 573 803 610 et
834 567 1027 610 salutem
1057 566 1114 610 in
1155 565 1300 618 terris,
1339 571 1377 609 et
1413 565 1469 608 ‘in
1504 565 1622 609 coelis
1660 566 1857 622 gloriam

579 642 617 680 et
648 637 870 680 honorem.

520 732 603 773 Pro
647 747 695 774 eo
740 731 854 786 quod
900 729 1109 772 exilitatis
1155 743 1262 771 meae
1306 730 1470 770 statum
1512 731 1556 770 et
1586 728 1858 771 voluntatem

460 801 540 841 sibi
571 800 774 856 przecepit
804 798 1014 839 insinuari
1057 796 1325 839 serenissima
1367 799 1523 838 vestrae
1555 796 1860 838 dominationis

461 868 703 916 eminentia,
727 868 827 908 licet
858 881 946 907 non
976 865 1032 906 ad
1064 868 1247 920 quantas
1277 864 1388 915 volo,
1411 863 1466 904 ad
1498 867 1681 919 quantas
1711 866 1860 906 tamen

460 936 582 977 valeo
629 949 802 990 assurgo
849 934 1087 989 gratiarum
1132 932 1329 981 actiones,
1370 931 1593 973 obsecrans
1643 935 1694 973 ut
1745 931 1860 987 quod.

459 1018 554 1044 mea
575 1002 724 1057 nequit
745 1001 1046 1043 insufficientia
1066 1014 1250 1055 superna
1271 999 1394 1040 vobis
1416 999 1650 1041 satisfaciat
1680 1013 1859 1040 summae

458 1070 696 1124 majestatis
728 1069 958 1118 affluentia,
992 1083 1069 1124 pro
1101 1067 1332 1123 multiplici
1363 1067 1667 1108 beneficiorum
1699 1066 1860 1122 pariter

459 1141 502 1179 et
533 1138 743 1178 honorum
788 1136 1016 1192 largitione
1059 1135 1166 1176 mihi
1212 1150 1288 1190 per
1318 1135 1515 1176 innatam
1547 1134 1860 1177 benevolentiae

460 1208 614 1246 vestrae
658 1204 962 1245 liberalitatem
1006 1203 1275 1258 frequentius
1321 1202 1527 1244 exhibita.
1611 1201 1754 1258 Igitur
1803 1201 1861 1243 sit

459 1272 700 1313 benedictio
723 1272 871 1313 divino
893 1271 1082 1312 Nomini.
1144 1270 1327 1312 Oxoniae
1350 1285 1447 1312 cum
1468 1269 1678 1311 fratribus
1698 1269 1860 1311 ibidem

461 1340 715 1395 degentibus
744 1340 833 1381 dies
862 1353 941 1394 ago
973 1339 1019 1379 in
1050 1338 1390 1394 praesentiarum,
1415 1337 1624 1393 corporali
1655 1337 1860 1393 sospitate

461 1406 680 1457 subnixus,
714 1407 769 1447 ad
800 1406 1049 1447 honorabile
1081 1406 1323 1447 serenitatis
1353 1409 1511 1447 vestrae
1541 1405 1860 1460 beneplacitum

461 1474 662 1515 devotam
694 1474 740 1514 in
773 1473 962 1515 Domino
993 1488 1145 1529 gerens
1179 1474 1578 1529 promptitudinem.
1643 1473 1860 1515 Caeterum

461 1545 605 1582 vestra
625 1542 797 1583 noverit
820 1541 1071 1582 excellentia
1088 1541 1354 1582 carissimum
1375 1541 1553 1582 fratrem
1575 1540 1860 1582 Willielmum

460 1608 611 1650 Batale
642 1609 688 1649 in
720 1612 935 1650 conventu
972 1608 1156 1649 fratrum
1178 1608 1394 1649 minorum
1417 1607 1779 1663 Northamptonae
1808 1608 1861 1649 de

459 1677 728 1717 ordinatione
768 1676 1032 1731 superiorum
1070 1680 1324 1725 nostrorum,
1356 1690 1577 1731 quousque
1617 1675 1699 1731 ipsi
1741 1676 1861 1717 aliud

458 1744 509 1784 de
560 1744 651 1799 ipso
704 1744 982 1785 statuendum
1042 1744 1296 1795 censuerint,
1344 1743 1577 1785 secundum
1643 1743 1861 1799 religionis

459 1814 619 1852 nostrae
653 1811 948 1852 observantias
979 1809 1236 1852 consistere.2

518 1878 674 1919 Valeat
714 1878 906 1932 inclytus
963 1893 1103 1919 comes
1147 1878 1345 1919 dominus
1392 1882 1543 1920 vester.
1617 1878 1772 1921 Valeat
1818 1882 1862 1921 et

458 1945 699 1986 nobilitatis
728 1949 883 1987 vestrae
906 1946 1173 2001 prosperitas.
1226 1946 1412 1987 Valeant
1443 1950 1487 1987 et
1518 1946 1706 2002 insignes
1735 1947 1861 1989 liberi

459 2013 601 2054 vestri.
679 2013 836 2054 Valeat
880 2018 923 2055 et
964 2014 1167 2055 universa
1198 2014 1350 2055 domus
1381 2016 1535 2071 vestra.
1599 2014 1786 2056 Valeant
1817 2018 1861 2056 et

460 2081 603 2121 cuncti
639 2081 852 2135 profectus
896 2085 1060 2123 vestros
1090 2082 1209 2123 fideli
1241 2082 1450 2123 desiderio
1482 2085 1784 2137 prosequentes
1815 2083 1861 2125 in

462 2147 635 2188 Christo
667 2148 696 2189 J
700 2162 774 2189 esu
815 2163 981 2205 semper
1011 2153 1054 2191 et
1090 2149 1339 2191 beatissima
1370 2149 1558 2205 Virgine.

1057 2281 1238 2323 CLVII.

464 2360 653 2416 Ivzelyice
686 2361 921 2406 comitisse&
970 2362 1171 2406 domim&
1205 2364 1273 2413 A„
1318 2362 1555 2406 comitissae
1585 2364 1856 2422 Leycestr‘z‘oa

895 2431 1056 2472 Frater
1086 2430 1196 2473 Adeo
1226 2429 1428 2473 salutem.

524 2517 881 2573 Benignissimam
933 2524 1089 2562 Vestrae
1151 2521 1393 2562 serenitatis
1446 2520 1703 2563 industriam
1754 2538 1857 2580 rogo

463 2585 722 2639 suppliciter,
782 2591 832 2627 ut
883 2592 1101 2642 acceptare
1152 2588 1296 2629 velitis
1345 2587 1594 2629 dilationem
1646 2590 1857 2632 adventus

462 2650 605 2692 {ratris
649 2652 843 2708 Gregorii
885 2654 936 2695 de
984 2654 1125 2697 Bosell
1161 2655 1217 2696 ad
1256 2655 1551 2696 honorabilem
1592 2657 1856 2700 excellentiae

508 2794 515 2811 ¹
542 2793 694 2832 seneffia,
708 2795 868 2837 daughter
880 2797 917 2827 of
929 2797 1116 2839 Raymond,
1154 2797 1159 2836 Ι
1188 2798 1275 2837 wall,
1318 2799 1411 2829 1243.
1479 2798 1660 2840 Dugdale's
1690 2799 1811 2833 Baron.
1829 2800 1855 2832 Ι.

465 2844 544 2876 Earl
574 2845 611 2876 of
643 2846 823 2886 Provence,
856 2849 950 2880 sister
983 2854 1017 2881 to
1054 2850 1110 2882 the
1193 2852 1286 2882 1763.

465 2896 577 2936 Queen
597 2911 604 2935 ;
629 2898 771 2931 married
787 2899 882 2932 Rich.
899 2900 937 2934 E.
954 2901 992 2932 of
1015 2901 1119 2934 Corn-
1227 2902 1240 2920 ²
1264 2902 1325 2935 See
1340 2903 1445 2947 Epist.
1462 2903 1672 2937 CLXXXV.
