1905 3180
355 255 410 295 (58
754 260 938 292 THOMAS
975 262 1036 291 DE
1070 260 1334 292 ECCLESTON.

134 374 209 414 ings
222 373 455 418 ofPet.f1-jdj
498 377 557 417 Le
600 376 861 431 Despensyr‚
905 375 1064 416 accidit
1105 378 1156 416 ut
1198 374 1369 415 veniret
1411 374 1542 415 semel
1579 374 1634 415 ad
1667 373 1755 415 dic-

134 419 173 449 of
185 418 319 448 Tewks-

134 464 231 503 bury.

353 450 445 486 tam
488 445 676 495 domum,
720 446 765 485 et
805 443 928 484 venit
973 442 1089 483 filius
1137 440 1269 483 dicti¹
1315 441 1492 492 domini,
1534 442 1563 483 J
1568 442 1756 483 ohannes

354 513 540 563 nomine,
599 511 817 567 puerulus,
863 515 907 552 et
948 510 1061 551 sicut
1104 524 1271 565 semper
1314 510 1541 551 consuevit
1582 509 1760 551 accessit

352 581 409 621 ad
471 595 570 621 eum
631 579 975 621 familiarissime.
1070 577 1184 619 Cum
1249 580 1398 618 autem
1457 577 1599 619 dictus
1652 590 1759 633 puer

352 648 504 689 ivisset
553 662 651 689 cum
705 647 882 688 domina
922 649 1061 687 matre
1104 660 1183 686 sua
1224 645 1272 686 in
1313 645 1524 701 capellam
1568 648 1611 686 et
1652 644 1759 686 asti-

352 717 478 758 tisset
510 716 625 758 dicto
666 716 781 771 patri
824 714 956 755 Petro
999 713 1247 762 celebranti,
1285 716 1329 754 et
1362 713 1541 754 domum
1577 710 1759 754 ivisset²

353 785 504 834 denuo,
548 784 662 840 fugit
716 783 882 824 dictum
935 786 1118 838 patrem,
1174 795 1252 822 nec
1303 781 1450 836 potuit
1499 780 1590 822 ullo
1631 780 1759 821 modo

352 852 550 907 compelli
602 866 627 892 a
678 855 817 892 matre
868 854 919 891 ut
972 850 1028 890 ad
1080 864 1179 890 eum
1232 849 1464 890 accederet.
1562 848 1760 903 Cumque

352 923 567 974 quaereret
608 922 747 960 mater
788 932 959 959 causam
1002 932 1080 972 pro
1123 932 1209 972 qua
1250 916 1433 972 fugeret,
1488 916 1604 958 dixit
1645 915 1762 971 quod

351 988 524 1029 viderat
552 1002 650 1028 eum
686 987 892 1028 devorare
925 985 1142 1026 infantem
1174 985 1220 1025 111
1254 985 1418 1040 capella
1451 998 1578 1040 super
1608 984 1758 1033 altare,

351 1059 396 1097 et
430 1055 583 1097 timuit
619 1069 675 1095 ne
709 1054 868 1095 faceret
903 1053 986 1094 sibi
1021 1052 1234 1093 similiter.

411 1123 568 1165 Frater
630 1122 819 1164 Garinus
880 1121 933 1162 de
997 1120 1223 1171 Ε55011701,3
1286 1120 1360 1174 qui
1416 1119 1594 1175 juvenis
1655 1119 1761 1160 satis

351 1191 538 1232 intravit
581 1190 802 1240 Ordinem,
853 1193 897 1231 et
953 1192 1104 1244 postea
1144 1188 1192 1227 in
1237 1191 1415 1228 tantum
1472 1187 1653 1243 profecit
1709 1190 1761 1228 ut

351 1273 439 1300 non
500 1258 592 1300 sine
658 1257 897 1298 multorum
959 1255 1248 1297 admiratione
1308 1255 1355 1296 in
1406 1255 1606 1311 pluribus
1656 1255 1762 1296 locis

352 1326 633 1382 solempniter
692 1325 869 1380 legeret,
933 1327 977 1365 et
1037 1324 1085 1365 111
1141 1322 1442 1364 familiaritate
1502 1325 1761 1379 magnatum

352 1395 589 1449 prudenter
640 1407 684 1434 se
736 1395 915 1448 gereret,
964 1395 1008 1433 et
1051 1392 1097 1432 in
1138 1390 1327 1446 negotiis
1381 1390 1561 1432 Ordinis
1611 1391 1760 1432 lauda-

351 1461 499 1503 biliter
550 1475 594 1502 se
645 1460 851 1510 haberet3
904 1460 950 1500 in
991 1458 1314 1514 praedicationis
1347 1457 1486 1500 officio
1527 1462 1571 1500 et
1612 1458 1759 1500 studio

353 1527 730 1584 contemplationis
772 1526 1172 1582 incomparabiliter
1214 1529 1489 1567 excresceret.
1571 1526 1760 1567 Demum

352 1595 431 1637 1114
473 1597 623 1638 eadem
654 1595 761 1637 hora
801 1609 916 1636 nona
948 1595 995 1634 in
1027 1594 1256 1649 complexu
1294 1596 1337 1634 et
1373 1593 1529 1635 osculis
1563 1594 1760 1635 crucifixi

354 1665 465 1706 obiit
507 1679 649 1706 coram
707 1663 839 1704 altari
897 1662 1244 1717 Sutliamptonae.
1336 1661 1558 1717 Apparuit
1611 1665 1759 1703 autem

354 1733 471 1787 apud
503 1732 659 1773 Sarum
693 1731 871 1785 quidam
908 1731 1043 1771 frater
1084 1729 1161 1770 diu
1203 1732 1306 1770 ante
1342 1732 1550 1778 mortuus,
1583 1729 1760 1771 nomine

355 1800 511 1841 Frater
561 1799 591 1841 J
595 1799 799 1849 ohannes,
854 1798 1000 1839 Fratri
1043 1796 1228 1852 Symoni
1271 1797 1324 1838 de
1377 1796 1661 1851 Wymborne,
1715 1800 1761 1839 et

353 1867 468 1908 dixit
510 1882 554 1909 50
595 1867 705 1908 bene
746 1866 902 1916 valere,
942 1869 986 1906 et
1030 1865 1230 1905 Fratrem
1268 1864 1482 1905 Carinum
1515 1864 1607 1905 sine
1641 1865 1760 1906 omni

354 1949 474 1976 mora
525 1934 733 1976 transisse
784 1932 1085 1989 purgatorium
1138 1935 1182 1973 et
1229 1931 1360 1973 ivisse
1411 1932 1468 1973 ad
1519 1931 1759 1973 Dominum

354 2003 383 2044 J
387 2017 508 2044 esum
546 2002 780 2045 Christum.

413 2070 487 2111 Ad
526 2073 699 2111 tantam
746 2082 918 2123 quoque
971 2067 1281 2123 perfectionem
1336 2066 1565 2123 provincia
1605 2067 1760 2123 Angli-

355 2153 461 2179 cana
496 2138 769 2193 provexerat,
807 2139 859 2176 ut
891 2134 1141 2190 frequenter
1183 2135 1346 2175 diceret
1388 2134 1594 2176 Minister
1632 2150 1761 2191 gene-

356 2205 470 2256 ralis,
534 2205 689 2245 Frater
748 2202 973 2244 Johannes
1030 2202 1083 2243 de
1145 2202 1315 2253 Parma,
1379 2216 1477 2243 cum
1539 2207 1652 2244 esset
1711 2203 1760 2244 in

356 2272 552 2328 Anglia:
624 2271 661 2312 O
719 2270 890 2311 utinam
939 2270 1040 2310 talis
1087 2269 1314 2325 provincia
1359 2270 1502 2325 posita
1555 2273 1666 2312 esset
1712 2271 1760 2312 in

357 2341 498 2382 medio
531 2338 696 2388 mundi,
730 2341 782 2378 ut
818 2337 1020 2378 omnibus
1054 2351 1144 2378 esse
1185 2340 1329 2392 posset
1369 2337 1555 2379 ecclesiis
1597 2338 1644 2378 in
1686 2353 1760 2380 ex-

359 2408 575 2464 emplum!
661 2406 760 2461 Ipse
802 2404 977 2459 quidem
1021 2404 1242 2446 Generalis
1287 2405 1553 2459 provinciale
1594 2406 1761 2461 capitu-

360 2477 450 2517 lum
495 2474 667 2530 Angliae
709 2472 945 2515 celebravit
990 2471 1185 2523 Oxoniae,
1238 2472 1285 2512 in
1343 2487 1427 2527 quo
1484 2473 1762 2516 confirmavit

361 2543 694 2585 constitutiones
722 2540 1006 2597 provinciales
1036 2539 1087 2580 de
1125 2539 1390 2594 parsimonia
1425 2543 1468 2581 et
1504 2545 1762 2595 paupertate

361 2611 656 2653 (edificiorum.
759 2607 957 2662 Cumque
1018 2607 1208 2648 dedisset
1268 2606 1478 2648 fratribus
1539 2608 1761 2663 optionem

361 2680 414 2721 de
457 2678 660 2719 Ministro
711 2674 969 2731 provinciali
1017 2674 1313 2716 confirmando
1365 2675 1436 2716 vel
1483 2675 1761 2729 absolvendo,

360 2747 611 2803 petiverunt
648 2759 746 2786 eum
778 2743 1020 2785 comuniter
1054 2741 1311 2784 confirmari.

407 2870 415 2888 ¹
432 2880 487 2900 om.
505 2867 590 2900 Cott.
1064 2876 1069 2918 Ι
1134 2865 1146 2883 ³
1162 2863 1310 2903 Erwelle,
1328 2865 1399 2897 Cot.

405 2923 417 2941 ²
435 2922 578 2960 venisset,
595 2920 695 2951 Ebor.
1065 2920 1069 2963 ι
1135 2918 1146 2937 ‘¹
1162 2927 1217 2948 om.
1235 2917 1332 2949 Ebor.
