1905 3180
670 237 907 270 EPISTOLAE.
1403 230 1486 271 299

703 376 884 419 CLXII.

94 469 338 513 Excellenti
379 469 577 514 dominc&
617 472 685 524 A,
726 471 976 516 comitisse&
1015 471 1289 527 Leyoestrioe,
1332 472 1492 515 Frater

231 538 342 581 Ada
363 539 555 583 salutem
576 544 613 583 et
635 540 889 584 laudabiles
914 539 1215 583 consiliorum
1231 540 1491 583 salubrium

233 607 413 662 effectus

153 705 309 747 Tactus
340 706 482 749 dolore
514 707 650 749 cordis
675 706 940 759 intrinsecus,
980 711 1023 750 et
1053 706 1155 749 foris
1185 706 1308 750 faciei
1336 707 1489 750 rubore
1508 710 1646 760 RegretS
1661 714 1695 741 to

95 773 290 823 suffusus
323 774 415 829 jam
454 790 480 816 a
523 775 672 817 diebus
715 776 910 832 pluribus
955 776 1319 817 inhonestioribus
1362 776 1489 818 famae
1507 755 1637 839 {1353}
1649 798 1688 829 of

94 841 455 884 crebrescentibus
501 843 720 893 molestiis,
754 858 879 899 super
913 844 1171 885 dedecentiis
1203 847 1366 885 statum
1398 859 1491 885 ves·
1507 844 1575 875 her.

92 911 209 950 trmn
240 910 558 951 maculantibus
590 926 677 952 non
719 912 988 953 mediocriter
1034 912 1192 961 audivi,
1239 927 1335 966 quae
1369 926 1490 953 mens

90 977 322 1019 amaricata
365 992 442 1019 nec
488 978 702 1020 immerito
747 979 949 1035 plangere
992 994 1080 1021 non
1111 982 1256 1020 cessat.
1333 979 1492 1031 Quam-

89 1045 235 1086 obrem
268 1045 322 1086 ob
354 1047 759 1101 contemplationem
780 1047 1027 1096 Salvatoris,
1059 1047 1131 1101 qui
1157 1061 1253 1088 cum
1279 1047 1336 1088 sit
1361 1046 1493 1088 Pater

91 1112 476 1154 misericordiarum
523 1116 568 1155 et
610 1113 727 1155 Deus
767 1114 902 1155 totius
955 1115 1265 1164 consolationis,
1315 1115 1490 1156 venien-

92 1184 180 1222 tem
230 1181 285 1222 ad
330 1196 372 1222 se
416 1196 504 1223 non
546 1181 662 1236 ejicit
702 1181 827 1231 foras,
869 1182 936 1223 cui
989 1183 1153 1223 dictum
1197 1186 1272 1230 est,
1323 1190 1343 1204 “
1363 1183 1490 1224 Mise-

94 1254 115 1269 “
147 1249 251 1290 reris
279 1249 482 1299 omnium,
511 1249 612 1304 quia
634 1250 779 1290 omnia
809 1254 940 1305 potes,
969 1254 1012 1291 et
1044 1250 1286 1291 dissimulas
1317 1255 1491 1305 peccata

93 1322 116 1337 “
148 1316 371 1357 hominum
403 1320 578 1372 propter
608 1317 926 1372 poenitentiam,
949 1317 1085 1372 parcis
1113 1321 1258 1359 autem
1292 1317 1490 1359 omnibus

94 1390 115 1406 “
147 1399 243 1439 quae
286 1388 364 1425 tua
407 1388 518 1433 sunt,
575 1384 771 1433 Domine,
821 1385 894 1440 qui
941 1399 1059 1426 amas
1106 1385 1272 1425 animas
1291 1384 1326 1435 3⁹²
1374 1400 1486 1440 rogo,

91 1466 253 1502 moneo,
290 1455 335 1493 et
372 1452 533 1507 adjuro,
572 1455 624 1493 ut
656 1452 707 1493 de
739 1455 894 1494 caetero
930 1452 1244 1494 benefacientes
1280 1453 1491 1508 multipli-

91 1520 210 1561 cibus
237 1520 512 1562 honestatum
543 1520 827 1570 incrementis,
873 1523 917 1562 et
948 1520 1251 1562 conscientiam
1296 1535 1490 1562 serenare

92 1602 234 1630 coram
278 1588 513 1639 Altissimo,
548 1591 592 1630 et
637 1588 693 1629 ad
737 1587 933 1630 homines
964 1589 1209 1644 opinionem
1258 1588 1489 1630 reformare

91 1656 310 1705 studeatis,
348 1657 486 1698 modis
518 1656 717 1697 omnibus
747 1656 794 1697 in
824 1657 876 1697 iis
907 1671 1003 1711 quae
1035 1657 1177 1697 virum
1208 1660 1411 1705 vestrum,
1446 1660 1491 1697 et

90 1723 246 1765 liberos
277 1728 453 1773 vestros,
487 1724 696 1764 familiam
727 1727 928 1771 vestram,
963 1727 1006 1764 et
1028 1724 1314 1765 communiter
1344 1724 1489 1778 proxi-

92 1806 184 1832 mos
226 1795 391 1833 vestros
433 1792 727 1846 contingunt3
774 1791 1016 1846 vigilanter,
1070 1791 1397 1839 rationabiliter,
1444 1794 1488 1832 et

92 1858 275 1913 pacifice,
327 1859 558 1899 secundum
611 1858 809 1913 exempla
854 1861 1150 1899 matronarum
1201 1858 1486 1898 laudabilium

93 1925 375 1981 vosmetipsas
400 1926 566 1982 jugiter
597 1925 857 1967 exhibentes.
923 1925 1104 1967 Sciturae
1130 1925 1244 1980 quod
1273 1940 1360 1980 ego,
1389 1940 1485 1966 cum

92 1994 256 2035 creteris
288 1993 434 2034 amicis
455 1993 621 2044 vestris,
652 1993 883 2034 secundum
916 1993 1030 2048 quod
1062 1992 1300 2034 Divinitati
1342 1994 1486 2048 placu-

92 2062 174 2103 erit
204 2065 248 2103 et
284 2061 486 2117 expedire
517 2060 748 2109 videbitur,
797 2061 1007 2102 indefesse
1038 2060 1243 2102 laborabo
1275 2061 1330 2101 ad
1376 2061 1487 2101 salu-

91 2133 179 2171 tem
226 2132 414 2171 vestram
462 2129 625 2184 pariter
668 2132 712 2170 et
758 2128 974 2178 honorem,
1030 2129 1132 2170 dum
1190 2132 1336 2170 tamen
1387 2128 1486 2169 huic

91 2197 288 2246 suasioni,
312 2197 443 2238 immo
475 2196 755 2252 praeceptioni
787 2196 948 2238 divinae
977 2197 1216 2239 consentire
1238 2199 1383 2238 vestra
1414 2197 1486 2237 be-

89 2265 280 2321 nignitas
305 2265 492 2307 voluerit
518 2279 614 2306 cum
642 2264 808 2307 effectu.
872 2264 1036 2306 Valete.

685 2454 894 2499 CLXIII.

89 2566 274 2612 Illustri
309 2567 556 2612 Comitissae
588 2568 852 2625 Legseestricc
885 2569 1046 2611 Frater
1076 2568 1187 2611 Adeo
1218 2568 1420 2619 salutem,
1445 2574 1482 2611 et

143 2642 244 2693 post
272 2652 472 2680 securam
496 2652 657 2693 pacem
678 2637 905 2693 temporis,
936 2634 1133 2691 gyloriccm
1161 2637 1434 2679 cetemz'tatzfs.

151 2752 304 2794 Grates
334 2751 470 2794 refero
503 2750 790 2794 dominationi
821 2754 976 2792 vestrae
1009 2753 1221 2804 quantum
1251 2750 1375 2791 valeo
1410 2750 1479 2791 de-
1497 2741 1694 2817 ffehragisher

89 2823 221 2869 votas,
244 2834 322 2874 pro
350 2834 399 2860 eo
431 2820 545 2874 quod
575 2833 715 2860 meam
747 2818 1043 2860 modicitatem
1074 2832 1200 2873 super
1238 2817 1478 2872 magnificis
1495 2830 1614 2861 letters,
1638 2828 1673 2859 Is
