<?xml version="1.0" encoding="UTF-8"?>
<!DOCTYPE html PUBLIC "-//W3C//DTD XHTML 1.0 Transitional//EN"
    "http://www.w3.org/TR/xhtml1/DTD/xhtml1-transitional.dtd">
<html xmlns="http://www.w3.org/1999/xhtml" xml:lang="en" lang="en">
 <head>
  <title>
</title>
<meta http-equiv="Content-Type" content="text/html;charset=utf-8" />
  <meta name='ocr-system' content='tesseract 3.04.00' />
  <meta name='ocr-capabilities' content='ocr_page ocr_carea ocr_par ocr_line ocrx_word'/>
</head>
<body>
  <div class='ocr_page' id='page_1' title='image "./monumentafrancis01thom_0622.png"; bbox 0 0 1905 3180; ppageno 0'>
   <div class='ocr_carea' id='block_1_1' title="bbox 244 1068 434 1189">
    <p class='ocr_par' dir='ltr' id='par_1_1' title="bbox 244 1068 434 1189">
     <span class='ocr_line' id='line_1_1' title="bbox 246 1068 434 1100; baseline -0.005 0"><span class='ocrx_word' id='word_1_1' title='bbox 246 1068 332 1100; x_wconf 85' lang='lat' dir='ltr'><strong>How</strong></span> <span class='ocrx_word' id='word_1_2' title='bbox 348 1068 390 1099; x_wconf 87' lang='lat' dir='ltr'><strong>he</strong></span> <span class='ocrx_word' id='word_1_3' title='bbox 408 1068 434 1099; x_wconf 84' lang='lat' dir='ltr'><strong>is</strong></span> 
     </span>
     <span class='ocr_line' id='line_1_2' title="bbox 245 1118 378 1144; baseline 0.008 -1"><span class='ocrx_word' id='word_1_4' title='bbox 245 1119 278 1144; x_wconf 87' lang='lat' dir='ltr'><strong>to</strong></span> <span class='ocrx_word' id='word_1_5' title='bbox 295 1118 378 1144; x_wconf 79' lang='lat' dir='ltr'><strong>treat</strong></span> 
     </span>
     <span class='ocr_line' id='line_1_3' title="bbox 244 1157 342 1189; baseline -0.01 0"><span class='ocrx_word' id='word_1_6' title='bbox 244 1157 342 1189; x_wconf 66' lang='lat' dir='ltr'><strong>them.</strong></span> 
     </span>
    </p>
   </div>
   <div class='ocr_carea' id='block_1_2' title="bbox 477 245 1377 285">
    <p class='ocr_par' dir='ltr' id='par_1_2' title="bbox 477 245 1377 285">
     <span class='ocr_line' id='line_1_4' title="bbox 477 245 1377 285; baseline -0.001 -1"><span class='ocrx_word' id='word_1_7' title='bbox 477 245 559 285; x_wconf 63' lang='lat'><strong>464</strong></span> <span class='ocrx_word' id='word_1_8' title='bbox 951 251 1055 282; x_wconf 77' lang='lat' dir='ltr'><strong>ADAE</strong></span> <span class='ocrx_word' id='word_1_9' title='bbox 1088 252 1148 282; x_wconf 85' lang='lat' dir='ltr'><strong>DE</strong></span> <span class='ocrx_word' id='word_1_10' title='bbox 1180 251 1377 283; x_wconf 78' lang='lat' dir='ltr'><strong>MARIsco</strong></span> 
     </span>
    </p>
   </div>
   <div class='ocr_carea' id='block_1_3' title="bbox 1017 455 1318 498">
    <p class='ocr_par' dir='ltr' id='par_1_3' title="bbox 1017 455 1318 498">
     <span class='ocr_line' id='line_1_5' title="bbox 1017 455 1318 498; baseline 0 0"><span class='ocrx_word' id='word_1_11' title='bbox 1017 456 1122 498; x_wconf 71' lang='lat' dir='ltr'><strong>CAP.</strong></span> <span class='ocrx_word' id='word_1_12' title='bbox 1154 455 1318 498; x_wconf 87' lang='lat' dir='ltr'>XXIV.</span> 
     </span>
    </p>
   </div>
   <div class='ocr_carea' id='block_1_4' title="bbox 473 588 1873 988">
    <p class='ocr_par' dir='ltr' id='par_1_4' title="bbox 473 588 1873 988">
     <span class='ocr_line' id='line_1_6' title="bbox 473 588 1872 646; baseline -0.001 -12"><span class='ocrx_word' id='word_1_13' title='bbox 473 591 602 645; x_wconf 69' lang='lat' dir='ltr'><strong>Quod</strong></span> <span class='ocrx_word' id='word_1_14' title='bbox 629 589 864 646; x_wconf 66' lang='lat' dir='ltr'><strong>potissime</strong></span> <span class='ocrx_word' id='word_1_15' title='bbox 888 603 975 645; x_wconf 69' lang='lat' dir='ltr'><strong>pro</strong></span> <span class='ocrx_word' id='word_1_16' title='bbox 1012 589 1102 630; x_wconf 68' lang='lat' dir='ltr'><strong>‘ism</strong></span> <span class='ocrx_word' id='word_1_17' title='bbox 1130 588 1321 644; x_wconf 69' lang='lat' dir='ltr'><strong>justitia</strong></span> <span class='ocrx_word' id='word_1_18' title='bbox 1353 589 1607 631; x_wconf 68' lang='lat' dir='ltr'><strong>seeundum</strong></span> <span class='ocrx_word' id='word_1_19' title='bbox 1640 589 1872 645; x_wconf 33' lang='lat' dir='ltr'><strong>prcedifcta</strong></span> 
     </span>
     <span class='ocr_line' id='line_1_7' title="bbox 582 656 1872 715; baseline 0.001 -16"><span class='ocrx_word' id='word_1_20' title='bbox 582 657 872 715; x_wconf 59' lang='lat' dir='ltr'><strong>prafioiemli</strong></span> <span class='ocrx_word' id='word_1_21' title='bbox 914 662 1116 713; x_wconf 70' lang='lat' dir='ltr'><strong>pastores</strong></span> <span class='ocrx_word' id='word_1_22' title='bbox 1156 656 1365 712; x_wconf 62' lang='lat' dir='ltr'><strong>messibus</strong></span> <span class='ocrx_word' id='word_1_23' title='bbox 1409 656 1669 709; x_wconf 67' lang='lat' dir='ltr'><strong>(lominicis,</strong></span> <span class='ocrx_word' id='word_1_24' title='bbox 1716 663 1753 700; x_wconf 72' lang='lat' dir='ltr'><strong>et</strong></span> <span class='ocrx_word' id='word_1_25' title='bbox 1800 674 1872 700; x_wconf 71' lang='lat' dir='ltr'><strong>ar-</strong></span> 
     </span>
     <span class='ocr_line' id='line_1_8' title="bbox 591 724 1873 781; baseline -0.001 -12"><span class='ocrx_word' id='word_1_26' title='bbox 591 726 723 769; x_wconf 64' lang='lat' dir='ltr'><strong>cendi</strong></span> <span class='ocrx_word' id='word_1_27' title='bbox 756 726 951 768; x_wconf 64' lang='lat' dir='ltr'><strong>latrones</strong></span> <span class='ocrx_word' id='word_1_28' title='bbox 982 725 1035 766; x_wconf 72' lang='grc' dir='ltr'><strong>αῖ)</strong></span> <span class='ocrx_word' id='word_1_29' title='bbox 1079 724 1281 776; x_wconf 72' lang='lat' dir='ltr'><strong>eisdcm;</strong></span> <span class='ocrx_word' id='word_1_30' title='bbox 1314 724 1661 781; x_wconf 54' lang='lat' dir='ltr'><strong>qumtc‘ounque</strong></span> <span class='ocrx_word' id='word_1_31' title='bbox 1694 726 1873 768; x_wconf 68' lang='lat' dir='ltr'><strong>terribi-</strong></span> 
     </span>
     <span class='ocr_line' id='line_1_9' title="bbox 590 793 1873 849; baseline 0 -13"><span class='ocrx_word' id='word_1_32' title='bbox 590 795 710 836; x_wconf 67' lang='lat' dir='ltr'><strong>lium</strong></span> <span class='ocrx_word' id='word_1_33' title='bbox 761 793 1095 849; x_wconf 65' lang='lat' dir='ltr'><strong>martyriorum</strong></span> <span class='ocrx_word' id='word_1_34' title='bbox 1148 807 1308 848; x_wconf 64' lang='lat' dir='ltr'><strong>ayone-s</strong></span> <span class='ocrx_word' id='word_1_35' title='bbox 1366 798 1475 835; x_wconf 64' lang='lat' dir='ltr'><strong>sant</strong></span> <span class='ocrx_word' id='word_1_36' title='bbox 1527 798 1565 835; x_wconf 76' lang='lat' dir='ltr'><strong>et</strong></span> <span class='ocrx_word' id='word_1_37' title='bbox 1619 798 1873 836; x_wconf 63' lang='lat' dir='ltr'><strong>constanter</strong></span> 
     </span>
     <span class='ocr_line' id='line_1_10' title="bbox 593 861 1872 917; baseline 0 -13"><span class='ocrx_word' id='word_1_38' title='bbox 593 862 858 904; x_wconf 58' lang='lat' dir='ltr'><strong>sustinendi</strong></span> <span class='ocrx_word' id='word_1_39' title='bbox 891 866 928 903; x_wconf 74' lang='lat' dir='ltr'><strong>et</strong></span> <span class='ocrx_word' id='word_1_40' title='bbox 971 861 1190 903; x_wconf 67' lang='lat' dir='ltr'><strong>amhwter</strong></span> <span class='ocrx_word' id='word_1_41' title='bbox 1215 861 1511 917; x_wconf 68' lang='lat' dir='ltr'><strong>provocandi,</strong></span> <span class='ocrx_word' id='word_1_42' title='bbox 1542 875 1628 917; x_wconf 70' lang='lat' dir='ltr'><strong>pro</strong></span> <span class='ocrx_word' id='word_1_43' title='bbox 1665 861 1768 913; x_wconf 67' lang='lat' dir='ltr'><strong>ista,</strong></span> <span class='ocrx_word' id='word_1_44' title='bbox 1798 861 1872 904; x_wconf 68' lang='lat' dir='ltr'><strong>in-</strong></span> 
     </span>
     <span class='ocr_line' id='line_1_11' title="bbox 589 928 1762 988; baseline 0 -15"><span class='ocrx_word' id='word_1_45' title='bbox 589 945 739 987; x_wconf 69' lang='lat' dir='ltr'><strong>quam,</strong></span> <span class='ocrx_word' id='word_1_46' title='bbox 765 929 957 988; x_wconf 54' lang='lat' dir='ltr'><strong>justitias</strong></span> <span class='ocrx_word' id='word_1_47' title='bbox 989 934 1084 973; x_wconf 63' lang='lat' dir='ltr'><strong>tum</strong></span> <span class='ocrx_word' id='word_1_48' title='bbox 1115 928 1461 973; x_wconf 58' lang='lat' dir='ltr'><strong>rmcestimabilis</strong></span> <span class='ocrx_word' id='word_1_49' title='bbox 1486 929 1762 973; x_wconf 71' lang='lat' dir='ltr'><strong>excellentice.</strong></span> 
     </span>
    </p>
   </div>
   <div class='ocr_carea' id='block_1_5' title="bbox 459 1065 1872 2755">
    <p class='ocr_par' dir='ltr' id='par_1_5' title="bbox 459 1065 1872 2755">
     <span class='ocr_line' id='line_1_12' title="bbox 530 1065 1868 1122; baseline -0.001 -13"><span class='ocrx_word' id='word_1_50' title='bbox 530 1068 731 1122; x_wconf 88' lang='lat' dir='ltr'><strong>Denique</strong></span> <span class='ocrx_word' id='word_1_51' title='bbox 777 1080 906 1122; x_wconf 86' lang='lat' dir='ltr'><strong>super</strong></span> <span class='ocrx_word' id='word_1_52' title='bbox 951 1065 1071 1106; x_wconf 75' lang='lat' dir='ltr'><strong>illam</strong></span> <span class='ocrx_word' id='word_1_53' title='bbox 1122 1080 1219 1120; x_wconf 63' lang='lat' dir='ltr'><strong>quze</strong></span> <span class='ocrx_word' id='word_1_54' title='bbox 1257 1079 1375 1106; x_wconf 91' lang='lat' dir='ltr'><strong>nunc</strong></span> <span class='ocrx_word' id='word_1_55' title='bbox 1414 1065 1530 1107; x_wconf 85' lang='lat' dir='ltr'><strong>dicta</strong></span> <span class='ocrx_word' id='word_1_56' title='bbox 1573 1069 1639 1108; x_wconf 89' lang='lat' dir='ltr'><strong>est</strong></span> <span class='ocrx_word' id='word_1_57' title='bbox 1678 1065 1868 1121; x_wconf 82' lang='lat' dir='ltr'><strong>justitia,</strong></span> 
     </span>
     <span class='ocr_line' id='line_1_13' title="bbox 468 1133 1871 1192; baseline -0.002 -13"><span class='ocrx_word' id='word_1_58' title='bbox 468 1136 731 1192; x_wconf 71' lang='lat' dir='ltr'><strong>praeficiendi</strong></span> <span class='ocrx_word' id='word_1_59' title='bbox 788 1138 981 1190; x_wconf 85' lang='lat' dir='ltr'><strong>pastores</strong></span> <span class='ocrx_word' id='word_1_60' title='bbox 1032 1133 1237 1189; x_wconf 76' lang='lat' dir='ltr'>gregibus</span> <span class='ocrx_word' id='word_1_61' title='bbox 1299 1133 1538 1185; x_wconf 79' lang='lat' dir='ltr'><strong>dominicis,</strong></span> <span class='ocrx_word' id='word_1_62' title='bbox 1587 1137 1632 1175; x_wconf 88' lang='lat' dir='ltr'><strong>et</strong></span> <span class='ocrx_word' id='word_1_63' title='bbox 1682 1134 1871 1177; x_wconf 83' lang='lat' dir='ltr'><strong>latrones</strong></span> 
     </span>
     <span class='ocr_line' id='line_1_14' title="bbox 468 1201 1870 1258; baseline -0.001 -13"><span class='ocrx_word' id='word_1_64' title='bbox 468 1205 641 1245; x_wconf 77' lang='lat' dir='ltr'><strong>arcendi</strong></span> <span class='ocrx_word' id='word_1_65' title='bbox 682 1203 736 1246; x_wconf 85' lang='lat' dir='ltr'><strong>ab</strong></span> <span class='ocrx_word' id='word_1_66' title='bbox 772 1203 933 1245; x_wconf 87' lang='lat' dir='ltr'><strong>eisdem</strong></span> <span class='ocrx_word' id='word_1_67' title='bbox 975 1201 1213 1243; x_wconf 86' lang='lat' dir='ltr'><strong>secundum</strong></span> <span class='ocrx_word' id='word_1_68' title='bbox 1256 1201 1404 1242; x_wconf 90' lang='lat' dir='ltr'><strong>modos</strong></span> <span class='ocrx_word' id='word_1_69' title='bbox 1451 1202 1732 1257; x_wconf 84' lang='lat' dir='ltr'><strong>supradictos,</strong></span> <span class='ocrx_word' id='word_1_70' title='bbox 1767 1217 1870 1258; x_wconf 82' lang='lat' dir='ltr'><strong>qua-</strong></span> 
     </span>
     <span class='ocr_line' id='line_1_15' title="bbox 466 1270 1872 1327; baseline -0.001 -13"><span class='ocrx_word' id='word_1_71' title='bbox 466 1273 566 1314; x_wconf 88' lang='lat' dir='ltr'><strong>liter</strong></span> <span class='ocrx_word' id='word_1_72' title='bbox 597 1286 790 1327; x_wconf 86' lang='lat' dir='ltr'><strong>unquam</strong></span> <span class='ocrx_word' id='word_1_73' title='bbox 823 1271 1028 1312; x_wconf 85' lang='lat' dir='ltr'><strong>sublimes</strong></span> <span class='ocrx_word' id='word_1_74' title='bbox 1059 1270 1195 1310; x_wconf 85' lang='lat' dir='ltr'><strong>animi</strong></span> <span class='ocrx_word' id='word_1_75' title='bbox 1242 1272 1628 1325; x_wconf 86' lang='lat' dir='ltr'><strong>quantumcunque</strong></span> <span class='ocrx_word' id='word_1_76' title='bbox 1671 1270 1742 1312; x_wconf 89' lang='lat' dir='ltr'><strong>vel</strong></span> <span class='ocrx_word' id='word_1_77' title='bbox 1785 1274 1872 1312; x_wconf 85' lang='lat' dir='ltr'><strong>tra-</strong></span> 
     </span>
     <span class='ocr_line' id='line_1_16' title="bbox 467 1338 1868 1393; baseline 0.001 -14"><span class='ocrx_word' id='word_1_78' title='bbox 467 1341 706 1382; x_wconf 85' lang='lat' dir='ltr'><strong>ditionibus</strong></span> <span class='ocrx_word' id='word_1_79' title='bbox 791 1338 1008 1381; x_wconf 80' lang='lat' dir='ltr'><strong>canonicis</strong></span> <span class='ocrx_word' id='word_1_80' title='bbox 1084 1338 1156 1379; x_wconf 91' lang='lat' dir='ltr'><strong>vel</strong></span> <span class='ocrx_word' id='word_1_81' title='bbox 1223 1338 1484 1393; x_wconf 86' lang='lat' dir='ltr'><strong>evangelicis</strong></span> <span class='ocrx_word' id='word_1_82' title='bbox 1562 1339 1868 1391; x_wconf 57' lang='lat' dir='ltr'><strong>sanctionibus</strong></span> 
     </span>
     <span class='ocr_line' id='line_1_17' title="bbox 466 1405 1872 1464; baseline 0 -14"><span class='ocrx_word' id='word_1_83' title='bbox 466 1409 535 1451; x_wconf 80' lang='lat' dir='ltr'><strong>vel</strong></span> <span class='ocrx_word' id='word_1_84' title='bbox 587 1407 944 1464; x_wconf 70' lang='lat' dir='ltr'><strong>inspirationibus</strong></span> <span class='ocrx_word' id='word_1_85' title='bbox 996 1406 1166 1456; x_wconf 83' lang='lat' dir='ltr'><strong>coelicis,</strong></span> <span class='ocrx_word' id='word_1_86' title='bbox 1209 1405 1279 1448; x_wconf 89' lang='lat' dir='ltr'><strong>vel</strong></span> <span class='ocrx_word' id='word_1_87' title='bbox 1334 1405 1489 1447; x_wconf 87' lang='lat' dir='ltr'><strong>lucidis</strong></span> <span class='ocrx_word' id='word_1_88' title='bbox 1535 1406 1872 1450; x_wconf 76' lang='lat' dir='ltr'><strong>revelationibus</strong></span> 
     </span>
     <span class='ocr_line' id='line_1_18' title="bbox 466 1473 1871 1531; baseline 0 -13"><span class='ocrx_word' id='word_1_89' title='bbox 466 1477 714 1528; x_wconf 87' lang='lat' dir='ltr'><strong>illuminati,</strong></span> <span class='ocrx_word' id='word_1_90' title='bbox 762 1477 970 1531; x_wconf 84' lang='lat' dir='ltr'><strong>poterunt</strong></span> <span class='ocrx_word' id='word_1_91' title='bbox 1002 1474 1246 1530; x_wconf 89' lang='lat' dir='ltr'><strong>intelligere</strong></span> <span class='ocrx_word' id='word_1_92' title='bbox 1284 1473 1506 1529; x_wconf 87' lang='lat' dir='ltr'><strong>justitiam</strong></span> <span class='ocrx_word' id='word_1_93' title='bbox 1548 1474 1741 1530; x_wconf 79' lang='lat' dir='ltr'><strong>aliquam</strong></span> <span class='ocrx_word' id='word_1_94' title='bbox 1772 1476 1871 1519; x_wconf 84' lang='lat' dir='ltr'><strong>bea-</strong></span> 
     </span>
     <span class='ocr_line' id='line_1_19' title="bbox 467 1542 1869 1600; baseline 0 -14"><span class='ocrx_word' id='word_1_95' title='bbox 467 1545 590 1587; x_wconf 88' lang='lat' dir='ltr'><strong>tioris</strong></span> <span class='ocrx_word' id='word_1_96' title='bbox 631 1544 793 1600; x_wconf 67' lang='lat' dir='ltr'><strong>glorize,</strong></span> <span class='ocrx_word' id='word_1_97' title='bbox 826 1557 904 1599; x_wconf 87' lang='lat' dir='ltr'><strong>pro</strong></span> <span class='ocrx_word' id='word_1_98' title='bbox 949 1558 1035 1598; x_wconf 82' lang='lat' dir='ltr'><strong>qua</strong></span> <span class='ocrx_word' id='word_1_99' title='bbox 1081 1542 1269 1598; x_wconf 85' lang='lat' dir='ltr'><strong>amplius</strong></span> <span class='ocrx_word' id='word_1_100' title='bbox 1315 1545 1549 1583; x_wconf 83' lang='lat' dir='ltr'><strong>teneantur</strong></span> <span class='ocrx_word' id='word_1_101' title='bbox 1595 1543 1869 1586; x_wconf 85' lang='lat' dir='ltr'><strong>ecclesiarum</strong></span> 
     </span>
     <span class='ocr_line' id='line_1_20' title="bbox 466 1609 1869 1670; baseline -0.001 -15"><span class='ocrx_word' id='word_1_102' title='bbox 466 1613 650 1670; x_wconf 67' lang='lat' dir='ltr'><strong>praelati,</strong></span> <span class='ocrx_word' id='word_1_103' title='bbox 708 1612 908 1653; x_wconf 82' lang='lat' dir='ltr'><strong>omnibus</strong></span> <span class='ocrx_word' id='word_1_104' title='bbox 960 1609 1163 1652; x_wconf 83' lang='lat' dir='ltr'><strong>omnino¹</strong></span> <span class='ocrx_word' id='word_1_105' title='bbox 1206 1610 1317 1651; x_wconf 86' lang='lat' dir='ltr'><strong>nihil</strong></span> <span class='ocrx_word' id='word_1_106' title='bbox 1359 1610 1578 1666; x_wconf 74' lang='lat' dir='ltr'><strong>impensis,</strong></span> <span class='ocrx_word' id='word_1_107' title='bbox 1637 1626 1734 1667; x_wconf 78' lang='lat' dir='ltr'><strong>quae</strong></span> <span class='ocrx_word' id='word_1_108' title='bbox 1791 1627 1869 1655; x_wconf 90' lang='lat' dir='ltr'><strong>un-</strong></span> 
     </span>
     <span class='ocr_line' id='line_1_21' title="bbox 467 1678 1869 1737; baseline 0 -15"><span class='ocrx_word' id='word_1_109' title='bbox 467 1696 597 1737; x_wconf 87' lang='lat' dir='ltr'><strong>quam</strong></span> <span class='ocrx_word' id='word_1_110' title='bbox 630 1680 749 1722; x_wconf 83' lang='lat' dir='ltr'><strong>valet</strong></span> <span class='ocrx_word' id='word_1_111' title='bbox 785 1680 855 1722; x_wconf 89' lang='lat' dir='ltr'><strong>vel</strong></span> <span class='ocrx_word' id='word_1_112' title='bbox 897 1679 1159 1735; x_wconf 78' lang='lat' dir='ltr'><strong>prosperitas</strong></span> <span class='ocrx_word' id='word_1_113' title='bbox 1203 1678 1307 1720; x_wconf 74' lang='lat' dir='ltr'><strong>laeta</strong></span> <span class='ocrx_word' id='word_1_114' title='bbox 1348 1678 1553 1730; x_wconf 88' lang='lat' dir='ltr'><strong>conferre,</strong></span> <span class='ocrx_word' id='word_1_115' title='bbox 1596 1679 1667 1721; x_wconf 91' lang='lat' dir='ltr'><strong>vel</strong></span> <span class='ocrx_word' id='word_1_116' title='bbox 1714 1680 1869 1722; x_wconf 86' lang='lat' dir='ltr'><strong>inferre</strong></span> 
     </span>
     <span class='ocr_line' id='line_1_22' title="bbox 465 1746 1868 1803; baseline -0.001 -12"><span class='ocrx_word' id='word_1_117' title='bbox 465 1750 605 1791; x_wconf 86' lang='lat' dir='ltr'><strong>tristis</strong></span> <span class='ocrx_word' id='word_1_118' title='bbox 636 1748 887 1797; x_wconf 71' lang='lat' dir='ltr'><strong>adversitas,</strong></span> <span class='ocrx_word' id='word_1_119' title='bbox 910 1746 1170 1788; x_wconf 87' lang='lat' dir='ltr'><strong>omnimodis</strong></span> <span class='ocrx_word' id='word_1_120' title='bbox 1196 1746 1529 1801; x_wconf 80' lang='lat' dir='ltr'><strong>triumphalium</strong></span> <span class='ocrx_word' id='word_1_121' title='bbox 1561 1748 1868 1803; x_wconf 79' lang='lat' dir='ltr'><strong>martyriorum</strong></span> 
     </span>
     <span class='ocr_line' id='line_1_23' title="bbox 466 1814 1866 1873; baseline 0 -15"><span class='ocrx_word' id='word_1_122' title='bbox 466 1818 642 1873; x_wconf 76' lang='lat' dir='ltr'><strong>agonias</strong></span> <span class='ocrx_word' id='word_1_123' title='bbox 684 1831 771 1858; x_wconf 91' lang='lat' dir='ltr'><strong>non</strong></span> <span class='ocrx_word' id='word_1_124' title='bbox 812 1819 987 1857; x_wconf 87' lang='lat' dir='ltr'><strong>tantum</strong></span> <span class='ocrx_word' id='word_1_125' title='bbox 1021 1815 1067 1855; x_wconf 88' lang='lat' dir='ltr'><strong>in</strong></span> <span class='ocrx_word' id='word_1_126' title='bbox 1101 1829 1144 1856; x_wconf 88' lang='lat' dir='ltr'><strong>se</strong></span> <span class='ocrx_word' id='word_1_127' title='bbox 1182 1814 1288 1869; x_wconf 88' lang='lat' dir='ltr'><strong>ipsis</strong></span> <span class='ocrx_word' id='word_1_128' title='bbox 1319 1814 1505 1856; x_wconf 85' lang='lat' dir='ltr'><strong>tolerare</strong></span> <span class='ocrx_word' id='word_1_129' title='bbox 1547 1814 1866 1871; x_wconf 80' lang='lat' dir='ltr'><strong>longanimiter,</strong></span> 
     </span>
     <span class='ocr_line' id='line_1_24' title="bbox 465 1885 1868 1940; baseline -0.001 -13"><span class='ocrx_word' id='word_1_130' title='bbox 465 1886 538 1927; x_wconf 89' lang='lat' dir='ltr'><strong>sed</strong></span> <span class='ocrx_word' id='word_1_131' title='bbox 560 1885 749 1926; x_wconf 87' lang='lat' dir='ltr'><strong>viriliter</strong></span> <span class='ocrx_word' id='word_1_132' title='bbox 783 1886 934 1925; x_wconf 84' lang='lat' dir='ltr'><strong>contra</strong></span> <span class='ocrx_word' id='word_1_133' title='bbox 963 1898 1006 1924; x_wconf 86' lang='lat' dir='ltr'><strong>se</strong></span> <span class='ocrx_word' id='word_1_134' title='bbox 1038 1896 1298 1938; x_wconf 81' lang='lat' dir='ltr'><strong>provocare3</strong></span> <span class='ocrx_word' id='word_1_135' title='bbox 1332 1885 1383 1923; x_wconf 90' lang='lat' dir='ltr'><strong>ut</strong></span> <span class='ocrx_word' id='word_1_136' title='bbox 1415 1897 1502 1923; x_wconf 89' lang='lat' dir='ltr'><strong>non</strong></span> <span class='ocrx_word' id='word_1_137' title='bbox 1537 1885 1712 1924; x_wconf 85' lang='lat' dir='ltr'><strong>tantum</strong></span> <span class='ocrx_word' id='word_1_138' title='bbox 1744 1898 1868 1940; x_wconf 90' lang='lat' dir='ltr'><strong>prop-</strong></span> 
     </span>
     <span class='ocr_line' id='line_1_25' title="bbox 465 1950 1866 2008; baseline -0.001 -13"><span class='ocrx_word' id='word_1_139' title='bbox 465 1958 531 1995; x_wconf 88' lang='lat' dir='ltr'><strong>ter</strong></span> <span class='ocrx_word' id='word_1_140' title='bbox 572 1954 701 1994; x_wconf 88' lang='lat' dir='ltr'><strong>istam</strong></span> <span class='ocrx_word' id='word_1_141' title='bbox 753 1951 975 2008; x_wconf 80' lang='lat' dir='ltr'><strong>justitiam</strong></span> <span class='ocrx_word' id='word_1_142' title='bbox 1037 1950 1379 2006; x_wconf 75' lang='lat' dir='ltr'><strong>persecutionem</strong></span> <span class='ocrx_word' id='word_1_143' title='bbox 1427 1951 1472 1991; x_wconf 87' lang='lat' dir='ltr'><strong>in</strong></span> <span class='ocrx_word' id='word_1_144' title='bbox 1519 1965 1563 1992; x_wconf 90' lang='lat' dir='ltr'><strong>se</strong></span> <span class='ocrx_word' id='word_1_145' title='bbox 1610 1952 1866 2004; x_wconf 84' lang='lat' dir='ltr'><strong>sustineant,</strong></span> 
     </span>
     <span class='ocr_line' id='line_1_26' title="bbox 467 2017 1868 2074; baseline 0 -13"><span class='ocrx_word' id='word_1_146' title='bbox 467 2026 488 2041; x_wconf 84' lang='lat'><strong>“</strong></span> <span class='ocrx_word' id='word_1_147' title='bbox 520 2021 710 2062; x_wconf 82' lang='lat' dir='ltr'><strong>ludibria</strong></span> <span class='ocrx_word' id='word_1_148' title='bbox 741 2023 785 2061; x_wconf 89' lang='lat' dir='ltr'><strong>et</strong></span> <span class='ocrx_word' id='word_1_149' title='bbox 816 2019 999 2061; x_wconf 82' lang='lat' dir='ltr'><strong>verbera</strong></span> <span class='ocrx_word' id='word_1_150' title='bbox 1029 2018 1213 2074; x_wconf 81' lang='lat' dir='ltr'><strong>experti,</strong></span> <span class='ocrx_word' id='word_1_151' title='bbox 1235 2017 1430 2073; x_wconf 79' lang='lat' dir='ltr'><strong>lapidati,</strong></span> <span class='ocrx_word' id='word_1_152' title='bbox 1453 2018 1571 2070; x_wconf 83' lang='lat' dir='ltr'><strong>secti,</strong></span> <span class='ocrx_word' id='word_1_153' title='bbox 1596 2019 1642 2060; x_wconf 89' lang='lat' dir='ltr'><strong>in</strong></span> <span class='ocrx_word' id='word_1_154' title='bbox 1665 2020 1868 2061; x_wconf 88' lang='lat' dir='ltr'><strong>occisione</strong></span> 
     </span>
     <span class='ocr_line' id='line_1_27' title="bbox 468 2086 1867 2144; baseline 0.001 -16"><span class='ocrx_word' id='word_1_155' title='bbox 468 2092 490 2110; x_wconf 83' lang='lat'><em>“</em></span> <span class='ocrx_word' id='word_1_156' title='bbox 523 2089 657 2144; x_wconf 78' lang='lat' dir='ltr'><strong>gladii</strong></span> <span class='ocrx_word' id='word_1_157' title='bbox 698 2087 873 2138; x_wconf 88' lang='lat' dir='ltr'><strong>mortui,</strong></span> <span class='ocrx_word' id='word_1_158' title='bbox 916 2087 1232 2128; x_wconf 85' lang='lat' dir='ltr'><strong>circumeuntes</strong></span> <span class='ocrx_word' id='word_1_159' title='bbox 1275 2086 1320 2126; x_wconf 93' lang='lat' dir='ltr'><strong>in</strong></span> <span class='ocrx_word' id='word_1_160' title='bbox 1366 2086 1549 2134; x_wconf 89' lang='lat' dir='ltr'><strong>melotis,</strong></span> <span class='ocrx_word' id='word_1_161' title='bbox 1593 2087 1638 2127; x_wconf 90' lang='lat' dir='ltr'><strong>in</strong></span> <span class='ocrx_word' id='word_1_162' title='bbox 1684 2088 1867 2143; x_wconf 82' lang='lat' dir='ltr'><strong>pellibus</strong></span> 
     </span>
     <span class='ocr_line' id='line_1_28' title="bbox 468 2152 1866 2212; baseline -0.001 -15"><span class='ocrx_word' id='word_1_163' title='bbox 468 2162 489 2177; x_wconf 90' lang='lat'><strong>“</strong></span> <span class='ocrx_word' id='word_1_164' title='bbox 523 2156 718 2211; x_wconf 77' lang='lat' dir='ltr'><strong>caprinis,</strong></span> <span class='ocrx_word' id='word_1_165' title='bbox 767 2158 952 2210; x_wconf 61' lang='lat' dir='ltr'><strong>egentes</strong></span> <span class='ocrx_word' id='word_1_166' title='bbox 1005 2154 1247 2210; x_wconf 83' lang='lat' dir='ltr'><strong>angustiati</strong></span> <span class='ocrx_word' id='word_1_167' title='bbox 1289 2156 1333 2195; x_wconf 90' lang='lat' dir='ltr'><strong>et</strong></span> <span class='ocrx_word' id='word_1_168' title='bbox 1379 2152 1540 2205; x_wconf 83' lang='lat' dir='ltr'><strong>afflicti,</strong></span> <span class='ocrx_word' id='word_1_169' title='bbox 1574 2154 1732 2209; x_wconf 90' lang='lat' dir='ltr'><strong>quibus</strong></span> <span class='ocrx_word' id='word_1_170' title='bbox 1778 2155 1866 2212; x_wconf 89' lang='lat' dir='ltr'><strong>dig-</strong></span> 
     </span>
     <span class='ocr_line' id='line_1_29' title="bbox 467 2221 1865 2278; baseline -0.001 -12"><span class='ocrx_word' id='word_1_171' title='bbox 467 2230 489 2245; x_wconf 89' lang='lat'><strong>“</strong></span> <span class='ocrx_word' id='word_1_172' title='bbox 522 2239 603 2266; x_wconf 87' lang='lat' dir='ltr'><strong>nus</strong></span> <span class='ocrx_word' id='word_1_173' title='bbox 634 2238 722 2265; x_wconf 90' lang='lat' dir='ltr'><strong>non</strong></span> <span class='ocrx_word' id='word_1_174' title='bbox 764 2226 856 2264; x_wconf 87' lang='lat' dir='ltr'><strong>erat</strong></span> <span class='ocrx_word' id='word_1_175' title='bbox 903 2221 1130 2271; x_wconf 83' lang='lat' dir='ltr'><strong>mundus‚”</strong></span> <span class='ocrx_word' id='word_1_176' title='bbox 1176 2221 1250 2263; x_wconf 88' lang='lat' dir='ltr'><strong>sed</strong></span> <span class='ocrx_word' id='word_1_177' title='bbox 1293 2221 1469 2277; x_wconf 89' lang='lat' dir='ltr'><strong>insuper</strong></span> <span class='ocrx_word' id='word_1_178' title='bbox 1515 2225 1694 2278; x_wconf 88' lang='lat' dir='ltr'><strong>propter</strong></span> <span class='ocrx_word' id='word_1_179' title='bbox 1739 2223 1865 2265; x_wconf 84' lang='lat' dir='ltr'><strong>istam</strong></span> 
     </span>
     <span class='ocr_line' id='line_1_30' title="bbox 459 2289 1863 2347; baseline -0.001 -13"><span class='ocrx_word' id='word_1_180' title='bbox 459 2292 681 2347; x_wconf 82' lang='lat' dir='ltr'><strong>justitiam</strong></span> <span class='ocrx_word' id='word_1_181' title='bbox 741 2290 1081 2346; x_wconf 87' lang='lat' dir='ltr'><strong>persecutionem</strong></span> <span class='ocrx_word' id='word_1_182' title='bbox 1146 2293 1297 2331; x_wconf 79' lang='lat' dir='ltr'><strong>contra</strong></span> <span class='ocrx_word' id='word_1_183' title='bbox 1362 2289 1523 2345; x_wconf 88' lang='lat' dir='ltr'><strong>seipsos</strong></span> <span class='ocrx_word' id='word_1_184' title='bbox 1590 2291 1863 2342; x_wconf 82' lang='lat' dir='ltr'><strong>exsuscitent,</strong></span> 
     </span>
     <span class='ocr_line' id='line_1_31' title="bbox 465 2358 1860 2413; baseline 0 -12"><span class='ocrx_word' id='word_1_185' title='bbox 465 2361 713 2401; x_wconf 77' lang='lat' dir='ltr'><strong>exultantes</strong></span> <span class='ocrx_word' id='word_1_186' title='bbox 764 2358 980 2409; x_wconf 84' lang='lat' dir='ltr'><strong>audacter,</strong></span> <span class='ocrx_word' id='word_1_187' title='bbox 1028 2358 1073 2398; x_wconf 90' lang='lat' dir='ltr'><strong>in</strong></span> <span class='ocrx_word' id='word_1_188' title='bbox 1126 2371 1347 2399; x_wconf 87' lang='lat' dir='ltr'><strong>occursum</strong></span> <span class='ocrx_word' id='word_1_189' title='bbox 1400 2360 1629 2413; x_wconf 81' lang='lat' dir='ltr'><strong>pergentes</strong></span> <span class='ocrx_word' id='word_1_190' title='bbox 1673 2359 1860 2408; x_wconf 82' lang='lat' dir='ltr'><strong>armatis,</strong></span> 
     </span>
     <span class='ocr_line' id='line_1_32' title="bbox 465 2425 1863 2482; baseline -0.002 -12"><span class='ocrx_word' id='word_1_191' title='bbox 465 2430 786 2470; x_wconf 85' lang='lat' dir='ltr'><strong>contemnentes</strong></span> <span class='ocrx_word' id='word_1_192' title='bbox 829 2440 1037 2482; x_wconf 85' lang='lat' dir='ltr'><strong>pavorem</strong></span> <span class='ocrx_word' id='word_1_193' title='bbox 1083 2440 1162 2467; x_wconf 90' lang='lat' dir='ltr'><strong>nec</strong></span> <span class='ocrx_word' id='word_1_194' title='bbox 1213 2426 1412 2467; x_wconf 85' lang='lat' dir='ltr'><strong>cedentes</strong></span> <span class='ocrx_word' id='word_1_195' title='bbox 1461 2425 1617 2481; x_wconf 79' lang='lat' dir='ltr'><strong>gladio,</strong></span> <span class='ocrx_word' id='word_1_196' title='bbox 1661 2426 1863 2469; x_wconf 88' lang='lat' dir='ltr'><strong>fervendo</strong></span> 
     </span>
     <span class='ocr_line' id='line_1_33' title="bbox 465 2494 1861 2549; baseline -0.001 -11"><span class='ocrx_word' id='word_1_197' title='bbox 465 2501 509 2538; x_wconf 91' lang='lat' dir='ltr'><strong>ct</strong></span> <span class='ocrx_word' id='word_1_198' title='bbox 556 2494 777 2536; x_wconf 83' lang='lat' dir='ltr'><strong>fremendo</strong></span> <span class='ocrx_word' id='word_1_199' title='bbox 834 2494 1055 2535; x_wconf 84' lang='lat' dir='ltr'><strong>sorbentes</strong></span> <span class='ocrx_word' id='word_1_200' title='bbox 1106 2497 1281 2544; x_wconf 86' lang='lat' dir='ltr'><strong>terram,</strong></span> <span class='ocrx_word' id='word_1_201' title='bbox 1334 2507 1412 2535; x_wconf 89' lang='lat' dir='ltr'><strong>nec</strong></span> <span class='ocrx_word' id='word_1_202' title='bbox 1452 2496 1704 2549; x_wconf 85' lang='lat' dir='ltr'><strong>reputantes</strong></span> <span class='ocrx_word' id='word_1_203' title='bbox 1746 2494 1861 2536; x_wconf 87' lang='lat' dir='ltr'><strong>tubae</strong></span> 
     </span>
     <span class='ocr_line' id='line_1_34' title="bbox 464 2560 1862 2617; baseline -0.001 -11"><span class='ocrx_word' id='word_1_204' title='bbox 464 2578 614 2606; x_wconf 83' lang='lat' dir='ltr'><strong>sonare</strong></span> <span class='ocrx_word' id='word_1_205' title='bbox 660 2563 915 2617; x_wconf 84' lang='lat' dir='ltr'><strong>clangorem,</strong></span> <span class='ocrx_word' id='word_1_206' title='bbox 970 2561 1117 2616; x_wconf 89' lang='lat' dir='ltr'><strong>procul</strong></span> <span class='ocrx_word' id='word_1_207' title='bbox 1173 2561 1403 2603; x_wconf 83' lang='lat' dir='ltr'><strong>odorantes</strong></span> <span class='ocrx_word' id='word_1_208' title='bbox 1445 2560 1619 2613; x_wconf 85' lang='lat' dir='ltr'><strong>bellum,</strong></span> <span class='ocrx_word' id='word_1_209' title='bbox 1664 2562 1862 2604; x_wconf 81' lang='lat' dir='ltr'><strong>exhorta-</strong></span> 
     </span>
     <span class='ocr_line' id='line_1_35' title="bbox 463 2629 1858 2685; baseline -0.004 -11"><span class='ocrx_word' id='word_1_210' title='bbox 463 2633 627 2674; x_wconf 87' lang='lat' dir='ltr'><strong>tionem</strong></span> <span class='ocrx_word' id='word_1_211' title='bbox 671 2630 829 2671; x_wconf 86' lang='lat' dir='ltr'><strong>ducum</strong></span> <span class='ocrx_word' id='word_1_212' title='bbox 876 2633 920 2670; x_wconf 89' lang='lat' dir='ltr'><strong>et</strong></span> <span class='ocrx_word' id='word_1_213' title='bbox 965 2629 1184 2671; x_wconf 87' lang='lat' dir='ltr'><strong>ululatum</strong></span> <span class='ocrx_word' id='word_1_214' title='bbox 1226 2629 1451 2671; x_wconf 83' lang='lat' dir='ltr'><strong>exercitus.</strong></span> <span class='ocrx_word' id='word_1_215' title='bbox 1530 2629 1636 2681; x_wconf 76' lang='lat' dir='ltr'><strong>Quis</strong></span> <span class='ocrx_word' id='word_1_216' title='bbox 1682 2633 1747 2672; x_wconf 88' lang='lat' dir='ltr'><strong>est</strong></span> <span class='ocrx_word' id='word_1_217' title='bbox 1787 2629 1858 2685; x_wconf 91' lang='lat' dir='ltr'><strong>qui</strong></span> 
     </span>
     <span class='ocr_line' id='line_1_36' title="bbox 462 2696 1859 2755; baseline -0.004 -14"><span class='ocrx_word' id='word_1_218' title='bbox 462 2701 546 2741; x_wconf 84' lang='lat' dir='ltr'><strong>ista</strong></span> <span class='ocrx_word' id='word_1_219' title='bbox 576 2698 878 2755; x_wconf 85' lang='lat' dir='ltr'><strong>perspicaciter</strong></span> <span class='ocrx_word' id='word_1_220' title='bbox 908 2711 995 2738; x_wconf 90' lang='lat' dir='ltr'><strong>non</strong></span> <span class='ocrx_word' id='word_1_221' title='bbox 1027 2698 1219 2753; x_wconf 83' lang='lat' dir='ltr'><strong>aspiciat,</strong></span> <span class='ocrx_word' id='word_1_222' title='bbox 1250 2697 1333 2738; x_wconf 83' lang='lat' dir='ltr'><strong>nisi</strong></span> <span class='ocrx_word' id='word_1_223' title='bbox 1371 2711 1497 2752; x_wconf 89' lang='lat' dir='ltr'><strong>quem</strong></span> <span class='ocrx_word' id='word_1_224' title='bbox 1526 2698 1686 2753; x_wconf 89' lang='lat' dir='ltr'><strong>premit</strong></span> <span class='ocrx_word' id='word_1_225' title='bbox 1714 2696 1859 2753; x_wconf 87' lang='lat' dir='ltr'><strong>pavidi</strong></span> 
     </span>
    </p>
   </div>
   <div class='ocr_carea' id='block_1_6' title="bbox 481 2795 1822 2814">
    <p class='ocr_par' dir='ltr' id='par_1_6' title="bbox 481 2795 1822 2814">
     <span class='ocr_line' id='line_1_37' title="bbox 481 2795 1822 2814; baseline 0 0"><span class='ocrx_word' id='word_1_226' title='bbox 481 2795 1822 2814; x_wconf 95' lang='lat' dir='ltr'><strong> </strong></span> 
     </span>
    </p>
   </div>
   <div class='ocr_carea' id='block_1_7' title="bbox 495 2851 1827 2894">
    <p class='ocr_par' dir='ltr' id='par_1_7' title="bbox 495 2851 1827 2894">
     <span class='ocr_line' id='line_1_38' title="bbox 495 2851 1827 2894; baseline -0.001 -9"><span class='ocrx_word' id='word_1_227' title='bbox 495 2856 501 2874; x_wconf 90' lang='lat'>¹</span> <span class='ocrx_word' id='word_1_228' title='bbox 520 2853 660 2886; x_wconf 73' lang='lat' dir='ltr'><strong>omnihus</strong></span> <span class='ocrx_word' id='word_1_229' title='bbox 685 2878 690 2885; x_wconf 91' lang='lat'><em>.</em></span> <span class='ocrx_word' id='word_1_230' title='bbox 716 2877 722 2885; x_wconf 95' lang='lat'><strong><em>.</em></strong></span> <span class='ocrx_word' id='word_1_231' title='bbox 750 2877 757 2884; x_wconf 89' lang='lat'><strong><em>.</em></strong></span> <span class='ocrx_word' id='word_1_232' title='bbox 783 2851 862 2883; x_wconf 71' lang='lat' dir='ltr'><strong>nihil</strong></span> <span class='ocrx_word' id='word_1_233' title='bbox 878 2853 1034 2894; x_wconf 75' lang='lat' dir='ltr'><strong>impensis,</strong></span> <span class='ocrx_word' id='word_1_234' title='bbox 1053 2852 1137 2885; x_wconf 89' lang='lat' dir='ltr'><strong>Cott.</strong></span> <span class='ocrx_word' id='word_1_235' title='bbox 1186 2852 1258 2884; x_wconf 81' lang='lat' dir='ltr'><strong>The</strong></span> <span class='ocrx_word' id='word_1_236' title='bbox 1275 2852 1366 2884; x_wconf 85' lang='lat' dir='ltr'><strong>word</strong></span> <span class='ocrx_word' id='word_1_237' title='bbox 1382 2852 1466 2884; x_wconf 83' lang='lat' dir='ltr'><strong>after</strong></span> <span class='ocrx_word' id='word_1_238' title='bbox 1490 2852 1630 2884; x_wconf 74' lang='lat' dir='ltr'><strong>omnibus</strong></span> <span class='ocrx_word' id='word_1_239' title='bbox 1647 2852 1673 2885; x_wconf 88' lang='lat' dir='ltr'><strong>is</strong></span> <span class='ocrx_word' id='word_1_240' title='bbox 1689 2852 1827 2884; x_wconf 82' lang='lat' dir='ltr'><strong>blurred.</strong></span> 
     </span>
    </p>
   </div>
  </div>
 </body>
</html>
