<?xml version="1.0" encoding="UTF-8"?>
<!DOCTYPE html PUBLIC "-//W3C//DTD XHTML 1.0 Transitional//EN"
    "http://www.w3.org/TR/xhtml1/DTD/xhtml1-transitional.dtd">
<html xmlns="http://www.w3.org/1999/xhtml" xml:lang="en" lang="en">
 <head>
  <title>
</title>
<meta http-equiv="Content-Type" content="text/html;charset=utf-8" />
  <meta name='ocr-system' content='tesseract 3.04.00' />
  <meta name='ocr-capabilities' content='ocr_page ocr_carea ocr_par ocr_line ocrx_word'/>
</head>
<body>
  <div class='ocr_page' id='page_1' title='image "./monumentafrancis01thom_0776.png"; bbox 0 0 1905 3180; ppageno 0'>
   <div class='ocr_carea' id='block_1_1' title="bbox 388 255 1261 296">
    <p class='ocr_par' dir='ltr' id='par_1_1' title="bbox 388 255 1261 296">
     <span class='ocr_line' id='line_1_1' title="bbox 388 255 1261 296; baseline -0.009 -1"><span class='ocrx_word' id='word_1_1' title='bbox 388 255 473 296; x_wconf 82' lang='grc'>618</span> <span class='ocrx_word' id='word_1_2' title='bbox 913 258 1145 290; x_wconf 81' lang='lat' dir='ltr'>APPENDIX</span> <span class='ocrx_word' id='word_1_3' title='bbox 1187 258 1261 288; x_wconf 80' lang='lat' dir='ltr'>XX.</span> 
     </span>
    </p>
   </div>
   <div class='ocr_carea' id='block_1_2' title="bbox 1042 409 1138 450">
    <p class='ocr_par' dir='ltr' id='par_1_2' title="bbox 1042 409 1138 450">
     <span class='ocr_line' id='line_1_2' title="bbox 1042 409 1138 450; baseline 0 0"><span class='ocrx_word' id='word_1_4' title='bbox 1042 409 1138 450; x_wconf 88' lang='lat' dir='ltr'>XX.</span> 
     </span>
    </p>
   </div>
   <div class='ocr_carea' id='block_1_3' title="bbox 645 521 1523 581">
    <p class='ocr_par' dir='ltr' id='par_1_3' title="bbox 645 521 1523 581">
     <span class='ocr_line' id='line_1_3' title="bbox 645 521 1523 581; baseline -0.005 -13"><span class='ocrx_word' id='word_1_5' title='bbox 645 526 704 568; x_wconf 84' lang='lat' dir='ltr'>To</span> <span class='ocrx_word' id='word_1_6' title='bbox 735 524 804 568; x_wconf 70' lang='lat' dir='ltr'>the</span> <span class='ocrx_word' id='word_1_7' title='bbox 832 538 955 568; x_wconf 77' lang='lat' dir='ltr'>same</span> <span class='ocrx_word' id='word_1_8' title='bbox 986 524 1101 581; x_wconf 76' lang='lat' dir='ltr'>effect</span> <span class='ocrx_word' id='word_1_9' title='bbox 1134 528 1175 566; x_wconf 73' lang='lat' dir='ltr'>to</span> <span class='ocrx_word' id='word_1_10' title='bbox 1207 521 1327 566; x_wconf 69' lang='lat' dir='ltr'>other</span> <span class='ocrx_word' id='word_1_11' title='bbox 1357 522 1523 565; x_wconf 70' lang='lat' dir='ltr'>houses.</span> 
     </span>
    </p>
   </div>
   <div class='ocr_carea' id='block_1_4' title="bbox 593 651 1564 823">
    <p class='ocr_par' dir='ltr' id='par_1_4' title="bbox 593 651 1564 823">
     <span class='ocr_line' id='line_1_4' title="bbox 767 651 1404 708; baseline -0.002 -15"><span class='ocrx_word' id='word_1_12' title='bbox 767 653 880 708; x_wconf 67' lang='lat' dir='ltr'>(Pae.</span> <span class='ocrx_word' id='word_1_13' title='bbox 914 654 970 693; x_wconf 74' lang='lat'>42</span> <span class='ocrx_word' id='word_1_14' title='bbox 1004 652 1116 693; x_wconf 91' lang='lat' dir='ltr'>Hen.</span> <span class='ocrx_word' id='word_1_15' title='bbox 1141 651 1229 693; x_wconf 85' lang='lat' dir='ltr'>III.</span> <span class='ocrx_word' id='word_1_16' title='bbox 1263 666 1318 694; x_wconf 88' lang='lat' dir='ltr'>m.</span> <span class='ocrx_word' id='word_1_17' title='bbox 1346 652 1404 705; x_wconf 83' lang='lat'>2.)</span> 
     </span>
     <span class='ocr_line' id='line_1_5' title="bbox 593 777 1564 823; baseline -0.003 0"><span class='ocrx_word' id='word_1_18' title='bbox 593 781 686 823; x_wconf 77' lang='lat' dir='ltr'>Pro</span> <span class='ocrx_word' id='word_1_19' title='bbox 718 779 963 822; x_wconf 68' lang='lat' dir='ltr'>Fratribus</span> <span class='ocrx_word' id='word_1_20' title='bbox 995 778 1262 822; x_wconf 65' lang='lat' dir='ltr'>Minoribus</span> <span class='ocrx_word' id='word_1_21' title='bbox 1296 777 1564 821; x_wconf 69' lang='lat' dir='ltr'>Lincolnicc.</span> 
     </span>
    </p>
   </div>
   <div class='ocr_carea' id='block_1_5' title="bbox 381 893 1838 1978">
    <p class='ocr_par' dir='ltr' id='par_1_5' title="bbox 381 893 1838 1909">
     <span class='ocr_line' id='line_1_6' title="bbox 446 893 1838 959; baseline -0.002 -13"><span class='ocrx_word' id='word_1_22' title='bbox 446 906 543 947; x_wconf 75' lang='lat' dir='ltr'>Rex</span> <span class='ocrx_word' id='word_1_23' title='bbox 590 905 802 956; x_wconf 84' lang='lat' dir='ltr'>omnibus,</span> <span class='ocrx_word' id='word_1_24' title='bbox 856 905 929 946; x_wconf 75' lang='lat' dir='ltr'>&amp;c</span> <span class='ocrx_word' id='word_1_25' title='bbox 993 903 1107 956; x_wconf 78' lang='lat' dir='ltr'>Quia</span> <span class='ocrx_word' id='word_1_26' title='bbox 1158 904 1399 959; x_wconf 87' lang='lat' dir='ltr'>accepimus</span> <span class='ocrx_word' id='word_1_27' title='bbox 1449 918 1526 959; x_wconf 88' lang='lat' dir='ltr'>per</span> <span class='ocrx_word' id='word_1_28' title='bbox 1576 902 1782 958; x_wconf 83' lang='lat' dir='ltr'>majorem</span> <span class='ocrx_word' id='word_1_29' title='bbox 1834 893 1838 896; x_wconf 33' lang='lat'><strong>⁴</strong></span> 
     </span>
     <span class='ocr_line' id='line_1_7' title="bbox 382 971 1785 1026; baseline -0.003 -11"><span class='ocrx_word' id='word_1_30' title='bbox 382 974 567 1016; x_wconf 78' lang='lat' dir='ltr'>ballivos</span> <span class='ocrx_word' id='word_1_31' title='bbox 596 976 640 1015; x_wconf 89' lang='lat' dir='ltr'>et</span> <span class='ocrx_word' id='word_1_32' title='bbox 682 973 790 1014; x_wconf 86' lang='lat' dir='ltr'>alios</span> <span class='ocrx_word' id='word_1_33' title='bbox 826 972 942 1014; x_wconf 86' lang='lat' dir='ltr'>cives</span> <span class='ocrx_word' id='word_1_34' title='bbox 972 975 1142 1013; x_wconf 89' lang='lat' dir='ltr'>nostros</span> <span class='ocrx_word' id='word_1_35' title='bbox 1178 971 1416 1013; x_wconf 83' lang='lat' dir='ltr'>Lincolniae</span> <span class='ocrx_word' id='word_1_36' title='bbox 1448 971 1564 1026; x_wconf 90' lang='lat' dir='ltr'>quod</span> <span class='ocrx_word' id='word_1_37' title='bbox 1600 985 1687 1012; x_wconf 92' lang='lat' dir='ltr'>non</span> <span class='ocrx_word' id='word_1_38' title='bbox 1719 973 1785 1012; x_wconf 89' lang='lat' dir='ltr'>est</span> 
     </span>
     <span class='ocr_line' id='line_1_8' title="bbox 383 1039 1785 1097; baseline -0.003 -14"><span class='ocrx_word' id='word_1_39' title='bbox 383 1043 438 1084; x_wconf 82' lang='lat' dir='ltr'>ad</span> <span class='ocrx_word' id='word_1_40' title='bbox 471 1042 710 1097; x_wconf 85' lang='lat' dir='ltr'>dampnum</span> <span class='ocrx_word' id='word_1_41' title='bbox 744 1043 954 1092; x_wconf 87' lang='lat' dir='ltr'>nostrum,</span> <span class='ocrx_word' id='word_1_42' title='bbox 976 1054 1055 1081; x_wconf 87' lang='lat' dir='ltr'>nec</span> <span class='ocrx_word' id='word_1_43' title='bbox 1087 1040 1142 1081; x_wconf 79' lang='lat' dir='ltr'>ad</span> <span class='ocrx_word' id='word_1_44' title='bbox 1173 1039 1413 1095; x_wconf 86' lang='lat' dir='ltr'>dampnum</span> <span class='ocrx_word' id='word_1_45' title='bbox 1448 1042 1526 1080; x_wconf 86' lang='lat' dir='ltr'>aut</span> <span class='ocrx_word' id='word_1_46' title='bbox 1556 1053 1785 1081; x_wconf 89' lang='lat' dir='ltr'>nocumen-</span> 
     </span>
     <span class='ocr_line' id='line_1_9' title="bbox 385 1106 1787 1159; baseline -0.004 -7"><span class='ocrx_word' id='word_1_47' title='bbox 385 1118 480 1152; x_wconf 90' lang='lat' dir='ltr'>tum</span> <span class='ocrx_word' id='word_1_48' title='bbox 514 1109 642 1151; x_wconf 84' lang='lat' dir='ltr'>dictae</span> <span class='ocrx_word' id='word_1_49' title='bbox 686 1108 882 1150; x_wconf 82' lang='lat' dir='ltr'>civitatis</span> <span class='ocrx_word' id='word_1_50' title='bbox 909 1111 1082 1159; x_wconf 74' lang='lat' dir='ltr'>nostrae,</span> <span class='ocrx_word' id='word_1_51' title='bbox 1105 1107 1335 1149; x_wconf 77' lang='lat' dir='ltr'>concedere</span> <span class='ocrx_word' id='word_1_52' title='bbox 1365 1106 1574 1149; x_wconf 85' lang='lat' dir='ltr'>fratribus</span> <span class='ocrx_word' id='word_1_53' title='bbox 1606 1106 1787 1148; x_wconf 88' lang='lat' dir='ltr'>Minori-</span> 
     </span>
     <span class='ocr_line' id='line_1_10' title="bbox 385 1174 1786 1232; baseline -0.003 -14"><span class='ocrx_word' id='word_1_54' title='bbox 385 1178 466 1219; x_wconf 89' lang='lat' dir='ltr'>bus</span> <span class='ocrx_word' id='word_1_55' title='bbox 502 1176 693 1232; x_wconf 87' lang='lat' dir='ltr'>ejusdem</span> <span class='ocrx_word' id='word_1_56' title='bbox 725 1175 921 1218; x_wconf 80' lang='lat' dir='ltr'>civitatis</span> <span class='ocrx_word' id='word_1_57' title='bbox 953 1175 1068 1231; x_wconf 85' lang='lat' dir='ltr'>quod</span> <span class='ocrx_word' id='word_1_58' title='bbox 1099 1175 1219 1216; x_wconf 86' lang='lat' dir='ltr'>illam</span> <span class='ocrx_word' id='word_1_59' title='bbox 1253 1177 1501 1230; x_wconf 86' lang='lat' dir='ltr'>posternam</span> <span class='ocrx_word' id='word_1_60' title='bbox 1535 1174 1650 1216; x_wconf 88' lang='lat' dir='ltr'>muri</span> <span class='ocrx_word' id='word_1_61' title='bbox 1681 1174 1786 1215; x_wconf 90' lang='lat' dir='ltr'>civi-</span> 
     </span>
     <span class='ocr_line' id='line_1_11' title="bbox 385 1241 1784 1300; baseline -0.004 -13"><span class='ocrx_word' id='word_1_62' title='bbox 385 1245 492 1287; x_wconf 84' lang='lat' dir='ltr'>tatis</span> <span class='ocrx_word' id='word_1_63' title='bbox 534 1244 752 1300; x_wconf 79' lang='lat' dir='ltr'>praedictae</span> <span class='ocrx_word' id='word_1_64' title='bbox 785 1258 882 1298; x_wconf 69' lang='lat' dir='ltr'>quae</span> <span class='ocrx_word' id='word_1_65' title='bbox 914 1247 980 1285; x_wconf 88' lang='lat' dir='ltr'>est</span> <span class='ocrx_word' id='word_1_66' title='bbox 1013 1258 1065 1285; x_wconf 77' lang='lat' dir='ltr'>ex</span> <span class='ocrx_word' id='word_1_67' title='bbox 1108 1245 1233 1298; x_wconf 84' lang='lat' dir='ltr'>parte</span> <span class='ocrx_word' id='word_1_68' title='bbox 1272 1242 1436 1284; x_wconf 83' lang='lat' dir='ltr'>boreali</span> <span class='ocrx_word' id='word_1_69' title='bbox 1471 1241 1607 1298; x_wconf 80' lang='lat' dir='ltr'>juxta</span> <span class='ocrx_word' id='word_1_70' title='bbox 1639 1256 1784 1284; x_wconf 86' lang='lat' dir='ltr'>aream</span> 
     </span>
     <span class='ocr_line' id='line_1_12' title="bbox 385 1310 1786 1368; baseline -0.003 -14"><span class='ocrx_word' id='word_1_71' title='bbox 385 1312 694 1368; x_wconf 67' lang='lat' dir='ltr'>praedictorum</span> <span class='ocrx_word' id='word_1_72' title='bbox 715 1311 912 1363; x_wconf 82' lang='lat' dir='ltr'>fratrum,</span> <span class='ocrx_word' id='word_1_73' title='bbox 936 1310 1100 1351; x_wconf 86' lang='lat' dir='ltr'>ibidem</span> <span class='ocrx_word' id='word_1_74' title='bbox 1130 1310 1365 1359; x_wconf 89' lang='lat' dir='ltr'>obstruere,</span> <span class='ocrx_word' id='word_1_75' title='bbox 1388 1313 1432 1351; x_wconf 86' lang='lat' dir='ltr'>et</span> <span class='ocrx_word' id='word_1_76' title='bbox 1454 1310 1667 1351; x_wconf 82' lang='lat' dir='ltr'>venellam</span> <span class='ocrx_word' id='word_1_77' title='bbox 1689 1324 1786 1351; x_wconf 89' lang='lat' dir='ltr'>con-</span> 
     </span>
     <span class='ocr_line' id='line_1_13' title="bbox 384 1376 1784 1436; baseline -0.003 -15"><span class='ocrx_word' id='word_1_78' title='bbox 384 1381 553 1436; x_wconf 80' lang='lat' dir='ltr'>tiguam</span> <span class='ocrx_word' id='word_1_79' title='bbox 576 1379 715 1421; x_wconf 89' lang='lat' dir='ltr'>eidem</span> <span class='ocrx_word' id='word_1_80' title='bbox 737 1393 849 1421; x_wconf 71' lang='lat' dir='ltr'>areae</span> <span class='ocrx_word' id='word_1_81' title='bbox 882 1393 936 1420; x_wconf 81' lang='lat' dir='ltr'>ex</span> <span class='ocrx_word' id='word_1_82' title='bbox 959 1378 1107 1420; x_wconf 85' lang='lat' dir='ltr'>eadem</span> <span class='ocrx_word' id='word_1_83' title='bbox 1129 1381 1253 1433; x_wconf 87' lang='lat' dir='ltr'>parte</span> <span class='ocrx_word' id='word_1_84' title='bbox 1275 1392 1373 1432; x_wconf 83' lang='lat' dir='ltr'>quae</span> <span class='ocrx_word' id='word_1_85' title='bbox 1396 1377 1517 1419; x_wconf 90' lang='lat' dir='ltr'>ducit</span> <span class='ocrx_word' id='word_1_86' title='bbox 1548 1376 1605 1418; x_wconf 85' lang='lat' dir='ltr'>ad</span> <span class='ocrx_word' id='word_1_87' title='bbox 1621 1376 1784 1418; x_wconf 87' lang='lat' dir='ltr'>dictam</span> 
     </span>
     <span class='ocr_line' id='line_1_14' title="bbox 384 1444 1784 1502; baseline -0.001 -14"><span class='ocrx_word' id='word_1_88' title='bbox 384 1450 636 1502; x_wconf 71' lang='lat' dir='ltr'>posternam</span> <span class='ocrx_word' id='word_1_89' title='bbox 670 1446 891 1488; x_wconf 84' lang='lat' dir='ltr'>includere</span> <span class='ocrx_word' id='word_1_90' title='bbox 924 1445 1092 1502; x_wconf 88' lang='lat' dir='ltr'>possint</span> <span class='ocrx_word' id='word_1_91' title='bbox 1114 1445 1170 1487; x_wconf 84' lang='lat' dir='ltr'>ad</span> <span class='ocrx_word' id='word_1_92' title='bbox 1191 1444 1521 1501; x_wconf 71' lang='lat' dir='ltr'>ampliationem</span> <span class='ocrx_word' id='word_1_93' title='bbox 1550 1459 1662 1487; x_wconf 82' lang='lat' dir='ltr'>areae</span> <span class='ocrx_word' id='word_1_94' title='bbox 1683 1459 1784 1496; x_wconf 83' lang='lat' dir='ltr'>suae,</span> 
     </span>
     <span class='ocr_line' id='line_1_15' title="bbox 384 1511 1786 1567; baseline -0.001 -12"><span class='ocrx_word' id='word_1_95' title='bbox 384 1528 462 1555; x_wconf 85' lang='lat' dir='ltr'>nos</span> <span class='ocrx_word' id='word_1_96' title='bbox 493 1514 661 1556; x_wconf 86' lang='lat' dir='ltr'>intuitu</span> <span class='ocrx_word' id='word_1_97' title='bbox 696 1513 894 1555; x_wconf 86' lang='lat' dir='ltr'>caritatis</span> <span class='ocrx_word' id='word_1_98' title='bbox 926 1513 1212 1555; x_wconf 77' lang='lat' dir='ltr'>concessimus</span> <span class='ocrx_word' id='word_1_99' title='bbox 1234 1512 1396 1554; x_wconf 88' lang='lat' dir='ltr'>eisdem</span> <span class='ocrx_word' id='word_1_100' title='bbox 1426 1511 1636 1554; x_wconf 83' lang='lat' dir='ltr'>fratribus</span> <span class='ocrx_word' id='word_1_101' title='bbox 1670 1512 1786 1567; x_wconf 89' lang='lat' dir='ltr'>quod</span> 
     </span>
     <span class='ocr_line' id='line_1_16' title="bbox 382 1579 1787 1637; baseline -0.001 -14"><span class='ocrx_word' id='word_1_102' title='bbox 382 1582 545 1624; x_wconf 87' lang='lat' dir='ltr'>dictam</span> <span class='ocrx_word' id='word_1_103' title='bbox 594 1585 839 1637; x_wconf 71' lang='lat' dir='ltr'>posternam</span> <span class='ocrx_word' id='word_1_104' title='bbox 894 1581 1118 1622; x_wconf 86' lang='lat' dir='ltr'>obstruere</span> <span class='ocrx_word' id='word_1_105' title='bbox 1165 1584 1210 1622; x_wconf 88' lang='lat' dir='ltr'>et</span> <span class='ocrx_word' id='word_1_106' title='bbox 1256 1580 1417 1624; x_wconf 81' lang='lat' dir='ltr'>dictam</span> <span class='ocrx_word' id='word_1_107' title='bbox 1464 1580 1680 1622; x_wconf 83' lang='lat' dir='ltr'>venellam</span> <span class='ocrx_word' id='word_1_108' title='bbox 1722 1579 1787 1621; x_wconf 90' lang='lat' dir='ltr'>in-</span> 
     </span>
     <span class='ocr_line' id='line_1_17' title="bbox 381 1648 1786 1705; baseline -0.001 -14"><span class='ocrx_word' id='word_1_109' title='bbox 381 1649 553 1691; x_wconf 84' lang='lat' dir='ltr'>cludere</span> <span class='ocrx_word' id='word_1_110' title='bbox 590 1649 759 1705; x_wconf 88' lang='lat' dir='ltr'>possint</span> <span class='ocrx_word' id='word_1_111' title='bbox 790 1649 846 1690; x_wconf 85' lang='lat' dir='ltr'>ad</span> <span class='ocrx_word' id='word_1_112' title='bbox 880 1648 1209 1704; x_wconf 85' lang='lat' dir='ltr'>ampliationem</span> <span class='ocrx_word' id='word_1_113' title='bbox 1246 1662 1357 1691; x_wconf 80' lang='lat' dir='ltr'>areae</span> <span class='ocrx_word' id='word_1_114' title='bbox 1393 1663 1496 1691; x_wconf 84' lang='lat' dir='ltr'>suae.</span> <span class='ocrx_word' id='word_1_115' title='bbox 1560 1648 1636 1690; x_wconf 82' lang='lat' dir='ltr'>Ita</span> <span class='ocrx_word' id='word_1_116' title='bbox 1671 1649 1786 1704; x_wconf 91' lang='lat' dir='ltr'>quod</span> 
     </span>
     <span class='ocr_line' id='line_1_18' title="bbox 381 1716 1786 1774; baseline -0.001 -15"><span class='ocrx_word' id='word_1_117' title='bbox 381 1718 499 1759; x_wconf 84' lang='lat' dir='ltr'>dicta</span> <span class='ocrx_word' id='word_1_118' title='bbox 541 1720 746 1774; x_wconf 78' lang='lat' dir='ltr'>posterna</span> <span class='ocrx_word' id='word_1_119' title='bbox 787 1731 957 1772; x_wconf 84' lang='lat' dir='ltr'>semper</span> <span class='ocrx_word' id='word_1_120' title='bbox 1000 1716 1060 1758; x_wconf 83' lang='lat' dir='ltr'>sit</span> <span class='ocrx_word' id='word_1_121' title='bbox 1102 1717 1329 1758; x_wconf 88' lang='lat' dir='ltr'>obstructa</span> <span class='ocrx_word' id='word_1_122' title='bbox 1369 1719 1414 1758; x_wconf 87' lang='lat' dir='ltr'>et</span> <span class='ocrx_word' id='word_1_123' title='bbox 1455 1717 1575 1759; x_wconf 86' lang='lat' dir='ltr'>dicta</span> <span class='ocrx_word' id='word_1_124' title='bbox 1614 1716 1786 1760; x_wconf 83' lang='lat' dir='ltr'>venella</span> 
     </span>
     <span class='ocr_line' id='line_1_19' title="bbox 383 1784 1786 1834; baseline 0 -7"><span class='ocrx_word' id='word_1_125' title='bbox 383 1785 663 1827; x_wconf 88' lang='lat' dir='ltr'>continuetur</span> <span class='ocrx_word' id='word_1_126' title='bbox 707 1798 818 1827; x_wconf 82' lang='lat' dir='ltr'>areae</span> <span class='ocrx_word' id='word_1_127' title='bbox 859 1784 1076 1826; x_wconf 90' lang='lat' dir='ltr'>dictorum</span> <span class='ocrx_word' id='word_1_128' title='bbox 1118 1784 1316 1834; x_wconf 83' lang='lat' dir='ltr'>fratrum,</span> <span class='ocrx_word' id='word_1_129' title='bbox 1361 1788 1406 1827; x_wconf 92' lang='lat' dir='ltr'>et</span> <span class='ocrx_word' id='word_1_130' title='bbox 1446 1799 1594 1827; x_wconf 90' lang='lat' dir='ltr'>eorum</span> <span class='ocrx_word' id='word_1_131' title='bbox 1635 1785 1786 1827; x_wconf 83' lang='lat' dir='ltr'>usibus</span> 
     </span>
     <span class='ocr_line' id='line_1_20' title="bbox 382 1851 1356 1909; baseline 0 -14"><span class='ocrx_word' id='word_1_132' title='bbox 382 1856 605 1895; x_wconf 77' lang='lat' dir='ltr'>remaneat</span> <span class='ocrx_word' id='word_1_133' title='bbox 635 1853 968 1909; x_wconf 84' lang='lat' dir='ltr'>imperpetuum.</span> <span class='ocrx_word' id='word_1_134' title='bbox 1031 1851 1087 1893; x_wconf 89' lang='lat' dir='ltr'>In</span> <span class='ocrx_word' id='word_1_135' title='bbox 1117 1852 1251 1907; x_wconf 86' lang='lat' dir='ltr'>cujus,</span> <span class='ocrx_word' id='word_1_136' title='bbox 1283 1853 1356 1895; x_wconf 71' lang='lat' dir='ltr'>&amp;c</span> 
     </span>
    </p>

    <p class='ocr_par' dir='ltr' id='par_1_6' title="bbox 445 1920 1332 1978">
     <span class='ocr_line' id='line_1_21' title="bbox 445 1920 1332 1978; baseline -0.002 -15"><span class='ocrx_word' id='word_1_137' title='bbox 445 1922 571 1963; x_wconf 89' lang='lat' dir='ltr'>Teste</span> <span class='ocrx_word' id='word_1_138' title='bbox 603 1936 716 1978; x_wconf 84' lang='lat' dir='ltr'>rege,</span> <span class='ocrx_word' id='word_1_139' title='bbox 750 1920 954 1971; x_wconf 88' lang='lat' dir='ltr'>Lincoln.,</span> <span class='ocrx_word' id='word_1_140' title='bbox 987 1920 1078 1962; x_wconf 83' lang='lat' dir='ltr'>xiii.</span> <span class='ocrx_word' id='word_1_141' title='bbox 1113 1920 1183 1962; x_wconf 91' lang='lat' dir='ltr'>die</span> <span class='ocrx_word' id='word_1_142' title='bbox 1215 1920 1332 1977; x_wconf 83' lang='lat' dir='ltr'>Sept.</span> 
     </span>
    </p>
   </div>
   <div class='ocr_carea' id='block_1_6' title="bbox 655 2166 1517 2473">
    <p class='ocr_par' dir='ltr' id='par_1_7' title="bbox 655 2166 1517 2473">
     <span class='ocr_line' id='line_1_22' title="bbox 1026 2166 1149 2209; baseline 0.008 -1"><span class='ocrx_word' id='word_1_143' title='bbox 1026 2166 1149 2209; x_wconf 90' lang='lat' dir='ltr'>XXI.</span> 
     </span>
     <span class='ocr_line' id='line_1_23' title="bbox 655 2290 1517 2347; baseline -0.003 -12"><span class='ocrx_word' id='word_1_144' title='bbox 655 2296 747 2336; x_wconf 63' lang='lat' dir='ltr'>Pro</span> <span class='ocrx_word' id='word_1_145' title='bbox 777 2291 1021 2336; x_wconf 60' lang='lat' dir='ltr'>Fratribus</span> <span class='ocrx_word' id='word_1_146' title='bbox 1054 2291 1320 2335; x_wconf 66' lang='lat' dir='ltr'>Minoribus</span> <span class='ocrx_word' id='word_1_147' title='bbox 1350 2290 1517 2347; x_wconf 71' lang='lat' dir='ltr'>Sallop.</span> 
     </span>
     <span class='ocr_line' id='line_1_24' title="bbox 770 2417 1425 2473; baseline -0.002 -14"><span class='ocrx_word' id='word_1_148' title='bbox 770 2417 883 2473; x_wconf 83' lang='lat' dir='ltr'>(Pat.</span> <span class='ocrx_word' id='word_1_149' title='bbox 917 2419 970 2458; x_wconf 87' lang='lat'>51</span> <span class='ocrx_word' id='word_1_150' title='bbox 1008 2417 1121 2460; x_wconf 90' lang='lat' dir='ltr'>Hen.</span> <span class='ocrx_word' id='word_1_151' title='bbox 1157 2417 1244 2459; x_wconf 94' lang='lat' dir='ltr'>III.</span> <span class='ocrx_word' id='word_1_152' title='bbox 1278 2432 1333 2459; x_wconf 89' lang='lat' dir='ltr'>m.</span> <span class='ocrx_word' id='word_1_153' title='bbox 1367 2417 1425 2473; x_wconf 88' lang='lat'>6.)</span> 
     </span>
    </p>
   </div>
   <div class='ocr_carea' id='block_1_7' title="bbox 389 2538 1786 2868">
    <p class='ocr_par' dir='ltr' id='par_1_8' title="bbox 389 2538 1786 2868">
     <span class='ocr_line' id='line_1_25' title="bbox 450 2538 1786 2597; baseline 0.001 -16"><span class='ocrx_word' id='word_1_154' title='bbox 450 2539 547 2582; x_wconf 82' lang='lat' dir='ltr'>Rex</span> <span class='ocrx_word' id='word_1_155' title='bbox 589 2538 802 2590; x_wconf 84' lang='lat' dir='ltr'>omnibus,</span> <span class='ocrx_word' id='word_1_156' title='bbox 845 2539 919 2583; x_wconf 72' lang='lat' dir='ltr'>&amp;c</span> <span class='ocrx_word' id='word_1_157' title='bbox 956 2540 1154 2584; x_wconf 87' lang='lat' dir='ltr'>salutem.</span> <span class='ocrx_word' id='word_1_158' title='bbox 1216 2540 1373 2583; x_wconf 81' lang='lat' dir='ltr'>Sciatis</span> <span class='ocrx_word' id='word_1_159' title='bbox 1408 2540 1525 2596; x_wconf 86' lang='lat' dir='ltr'>quod</span> <span class='ocrx_word' id='word_1_160' title='bbox 1557 2540 1611 2583; x_wconf 90' lang='lat' dir='ltr'>de</span> <span class='ocrx_word' id='word_1_161' title='bbox 1643 2541 1786 2597; x_wconf 85' lang='lat' dir='ltr'>gratia</span> 
     </span>
     <span class='ocr_line' id='line_1_26' title="bbox 389 2607 1786 2662; baseline 0.001 -13"><span class='ocrx_word' id='word_1_162' title='bbox 389 2611 540 2649; x_wconf 76' lang='lat' dir='ltr'>nostra</span> <span class='ocrx_word' id='word_1_163' title='bbox 587 2607 760 2662; x_wconf 85' lang='lat' dir='ltr'>speciali</span> <span class='ocrx_word' id='word_1_164' title='bbox 814 2609 1099 2651; x_wconf 89' lang='lat' dir='ltr'>concessimus</span> <span class='ocrx_word' id='word_1_165' title='bbox 1134 2609 1303 2651; x_wconf 88' lang='lat' dir='ltr'>dilectis</span> <span class='ocrx_word' id='word_1_166' title='bbox 1355 2609 1480 2650; x_wconf 88' lang='lat' dir='ltr'>nobis</span> <span class='ocrx_word' id='word_1_167' title='bbox 1521 2608 1568 2650; x_wconf 93' lang='lat' dir='ltr'>in</span> <span class='ocrx_word' id='word_1_168' title='bbox 1611 2608 1786 2652; x_wconf 83' lang='lat' dir='ltr'>Christo</span> 
     </span>
     <span class='ocr_line' id='line_1_27' title="bbox 389 2674 1786 2733; baseline 0.001 -17"><span class='ocrx_word' id='word_1_169' title='bbox 389 2676 600 2717; x_wconf 79' lang='lat' dir='ltr'>fratribus</span> <span class='ocrx_word' id='word_1_170' title='bbox 635 2674 879 2716; x_wconf 85' lang='lat' dir='ltr'>Minoribus</span> <span class='ocrx_word' id='word_1_171' title='bbox 913 2675 1060 2732; x_wconf 76' lang='lat' dir='ltr'>Sallop</span> <span class='ocrx_word' id='word_1_172' title='bbox 1095 2678 1211 2732; x_wconf 85' lang='lat' dir='ltr'>quod</span> <span class='ocrx_word' id='word_1_173' title='bbox 1238 2680 1408 2733; x_wconf 83' lang='lat' dir='ltr'>portam</span> <span class='ocrx_word' id='word_1_174' title='bbox 1443 2692 1563 2718; x_wconf 78' lang='lat' dir='ltr'>suam</span> <span class='ocrx_word' id='word_1_175' title='bbox 1596 2692 1672 2732; x_wconf 91' lang='lat' dir='ltr'>per</span> <span class='ocrx_word' id='word_1_176' title='bbox 1700 2691 1786 2718; x_wconf 91' lang='lat' dir='ltr'>me-</span> 
     </span>
     <span class='ocr_line' id='line_1_28' title="bbox 391 2743 1783 2800; baseline 0.001 -16"><span class='ocrx_word' id='word_1_177' title='bbox 391 2744 513 2784; x_wconf 88' lang='lat' dir='ltr'>dium</span> <span class='ocrx_word' id='word_1_178' title='bbox 542 2743 654 2784; x_wconf 89' lang='lat' dir='ltr'>muri</span> <span class='ocrx_word' id='word_1_179' title='bbox 688 2743 806 2784; x_wconf 70' lang='lat' dir='ltr'>villae</span> <span class='ocrx_word' id='word_1_180' title='bbox 841 2747 1002 2785; x_wconf 60' lang='lat' dir='ltr'>nostrae</span> <span class='ocrx_word' id='word_1_181' title='bbox 1049 2745 1209 2800; x_wconf 81' lang='lat' dir='ltr'>Sallop,</span> <span class='ocrx_word' id='word_1_182' title='bbox 1249 2760 1347 2800; x_wconf 74' lang='lat' dir='ltr'>quae</span> <span class='ocrx_word' id='word_1_183' title='bbox 1384 2745 1514 2785; x_wconf 85' lang='lat' dir='ltr'>nimis</span> <span class='ocrx_word' id='word_1_184' title='bbox 1550 2748 1671 2786; x_wconf 78' lang='lat' dir='ltr'>arcta</span> <span class='ocrx_word' id='word_1_185' title='bbox 1708 2748 1783 2794; x_wconf 87' lang='lat' dir='ltr'>est,</span> 
     </span>
     <span class='ocr_line' id='line_1_29' title="bbox 391 2812 1786 2868; baseline 0.001 -16"><span class='ocrx_word' id='word_1_186' title='bbox 391 2812 446 2852; x_wconf 83' lang='lat' dir='ltr'>ad</span> <span class='ocrx_word' id='word_1_187' title='bbox 487 2826 594 2866; x_wconf 85' lang='lat' dir='ltr'>opus</span> <span class='ocrx_word' id='word_1_188' title='bbox 636 2825 783 2853; x_wconf 88' lang='lat' dir='ltr'>eorum</span> <span class='ocrx_word' id='word_1_189' title='bbox 833 2815 883 2852; x_wconf 86' lang='lat' dir='ltr'>ut</span> <span class='ocrx_word' id='word_1_190' title='bbox 924 2812 1166 2868; x_wconf 74' lang='lat' dir='ltr'>accepimus</span> <span class='ocrx_word' id='word_1_191' title='bbox 1208 2813 1399 2868; x_wconf 82' lang='lat' dir='ltr'>elargare</span> <span class='ocrx_word' id='word_1_192' title='bbox 1442 2813 1619 2868; x_wconf 85' lang='lat' dir='ltr'>possint.</span> <span class='ocrx_word' id='word_1_193' title='bbox 1713 2812 1786 2853; x_wconf 88' lang='lat' dir='ltr'>Ita</span> 
     </span>
    </p>
   </div>
  </div>
 </body>
</html>
