1905 3180
219 1293 330 1326 Christ
347 1293 413 1325 will

219 1339 309 1369 solve
326 1338 376 1370 his

221 1383 352 1423 perplex
359 1383 384 1414 i-

219 1428 287 1459 ties.

442 245 527 287 480
927 250 1032 281 ADAE
1066 250 1126 280 DF:
1156 248 1353 281 MAmsco

441 375 463 393 ‘⁴
495 368 853 425 lacrymationem
886 370 929 408 et
959 367 1109 407 fletum
1139 365 1458 407 exultationem
1492 365 1699 408 infundis.
1772 368 1839 411 Sit

443 445 465 460 “
497 452 656 479 nomen
693 436 776 477 Dei
809 435 945 476 Israel
977 434 1256 476 benedictum
1290 434 1335 475 in
1378 434 1570 476 saecula.''
1653 435 1718 477 De
1757 451 1839 492 quo

441 505 679 562 Apostolus
736 503 879 561 [Rom.
912 502 1057 560 xvi.]:
1100 507 1122 524 ‘⁶
1151 502 1308 552 Deus,'’
1341 503 1496 557 inquit,
1543 507 1565 524 ‘⁴
1586 503 1703 559 pacis
1744 519 1840 547 cou-

443 580 464 595 “
497 577 608 615 teret
642 572 884 614 Sathanam
916 571 996 612 sub
1033 571 1215 626 pedibus
1249 571 1405 612 vestris
1438 570 1653 613 velociter.
1730 572 1840 624 Quia

443 649 463 663 ‘·
498 643 625 692 enim,
663 639 827 689 ‘Ecce,’
879 639 1037 695 inquit,
1092 644 1193 695 ‘ego
1236 639 1460 681 vobiscum
1502 654 1598 680 sum
1640 641 1839 684 omnibus

442 715 463 733 ‘⁵
500 710 694 760 ‘diebus
728 723 863 765 usque
897 709 952 749 ad
984 707 1403 750 consummationem
1436 707 1605 751 saemli?
1629 708 1650 723 ”

957 948 1061 991 ΟΑΡ.
1099 948 1307 991 XXXIX.

469 1093 640 1139 Orata?
662 1096 712 1134 w}
735 1091 840 1134 arch,
850 1090 1113 1147 {episcopali
1135 1090 1432 1146 requisitioni
1454 1089 1686 1133 <livinitus
1707 1090 1826 1136 scdu-

869 1159 991 1202 ΐανὶα
1013 1158 1389 1216 respondcswtw‘.

500 1286 663 1329 Verum
695 1287 751 1328 ad
781 1302 840 1336 ea,
874 1302 1002 1342 super
1034 1287 1192 1342 quibus
1230 1286 1486 1328 excellentia
1522 1289 1670 1328 vestra
1702 1301 1838 1328 meam

441 1356 656 1411 requirere
678 1355 819 1397 voluit
841 1355 1096 1406 exilitatem,
1116 1354 1208 1396 sine
1230 1369 1298 1396 me
1320 1355 1587 1410 respondeat,
1613 1369 1698 1406 oro,
1718 1355 1839 1396 vobis

443 1425 653 1465 salutaria
705 1424 947 1465 Salvatoris
993 1424 1220 1479 sapientia,
1274 1423 1348 1478 qui
1391 1427 1482 1464 tam
1535 1422 1659 1464 vobis
1711 1437 1837 1478 quam

442 1493 540 1541 illis,
582 1492 628 1533 in
676 1507 860 1547 quorum
896 1492 1039 1533 locum
1082 1492 1355 1540 successistis
1404 1491 1468 1532 ait
1523 1490 1646 1548 [Luc.
1698 1491 1835 1550 xxi]:

442 1566 463 1583 “
491 1561 583 1616 Ego
626 1561 737 1603 dabo
769 1561 891 1602 vobis
938 1575 983 1601 os
1021 1563 1065 1602 et
1107 1560 1377 1615 sapientiam,
1416 1559 1482 1601 cui
1511 1573 1599 1601 non
1635 1562 1838 1616 poterunt

442 1629 694 1671 “resistere
741 1633 786 1670 et
838 1629 1131 1670 contradicere
1180 1643 1326 1669 omnes
1379 1628 1616 1669 adversarii
1668 1627 1837 1670 vestri.’'

441 1698 499 1738 Et
530 1697 634 1739 alibi
672 1697 831 1754 [Math.
865 1697 950 1754 x.]:
1009 1701 1029 1718 ‘⁸
1054 1697 1124 1737 Ad
1157 1711 1278 1753 reges
1312 1700 1356 1738 et
1387 1696 1592 1752 praesides
1623 1696 1849 1739 ducemini*

441 1771 464 1788 “
494 1769 671 1821 propter
713 1780 792 1815 me,
831 1766 878 1806 in
906 1765 1208 1807 testimonium
1251 1765 1337 1806 illis
1373 1767 1417 1806 et
1453 1764 1668 1821 gentibus.
1729 1764 1836 1807 Cum
1902 1754 1904 1782 ³

441 1839 463 1856 ‘⁴
496 1837 644 1875 autem
676 1834 853 1876 tradent
874 1848 962 1883 vos,
985 1833 1122 1875 nolite
1154 1833 1344 1889 cogitare
1377 1832 1593 1889 quomodo
1625 1835 1703 1874 aut
1735 1832 1837 1888 quid

441 1907 464 1925 “
496 1903 765 1958 loquamini:
801 1903 980 1944 dabitur
1013 1902 1129 1944 enim
1163 1901 1286 1943 vobis
1318 1901 1364 1942 in
1396 1901 1473 1943 illa
1503 1901 1612 1943 hora
1643 1901 1749 1957 quid
1778 1901 1835 1943 lo-

441 1976 461 1992 “‘
495 1970 728 2026 quamiui.’'
780 1971 872 2012 Ubi
895 1974 1008 2012 certe
1030 1970 1288 2026 prohibetur
1310 1984 1458 2011 sensus
1480 1969 1663 2011 humani
1685 1969 1834 2011 sollici-

437 2040 556 2090 tudo,
590 2054 678 2080 non
710 2039 891 2081 affectus
925 2039 1066 2080 divini
1098 2038 1339 2089 meditatio,
1364 2041 1599 2093 tamenque
1631 2037 1834 2094 quicquid

437 2108 748 2162 respondeatur
798 2122 886 2149 non
928 2108 1145 2163 cogitetur
1188 2106 1453 2158 humanitus,
1507 2107 1581 2148 sed
1625 2106 1833 2148 divinitus

438 2176 677 2216 affectetur.
762 2175 1004 2230 Subjungit
1045 2175 1187 2216 enim:
1225 2179 1246 2196 ‘⁶
1279 2175 1322 2215 N
1328 2175 1421 2224 on‚''
1452 2175 1667 2230 inquiens,
1723 2180 1831 2216 “vos

439 2249 461 2265 “
494 2244 595 2285 estis
631 2244 706 2298 qui
750 2244 991 2299 loquimini,
1028 2244 1104 2285 sed
1140 2243 1331 2299 Spiritus
1387 2243 1532 2284 Patris
1580 2243 1715 2285 Vestri
1760 2242 1831 2298 qui

439 2313 690 2366 “loquitur
740 2312 787 2352 in
838 2311 1003 2353 vobis.’'
1055 2312 1115 2353 Et
1152 2312 1258 2352 alibi
1313 2310 1427 2367 [Jac.
1481 2311 1559 2368 i.]:
1617 2311 1702 2352 “Si
1739 2310 1830 2366 quis

440 2385 464 2402 ‘⁶
496 2383 641 2420 autem
674 2383 868 2421 vestrum
898 2380 1068 2436 indiget
1096 2380 1321 2435 sapientia,
1346 2379 1534 2435 postulet
1565 2394 1591 2420 a
1623 2380 1727 2431 Deo,
1760 2378 1829 2434 qui

441 2452 463 2470 “
497 2449 572 2488 dat
605 2448 807 2489 omnibus
859 2447 1096 2500 affluenter,
1144 2452 1188 2489 et
1236 2462 1324 2488 non
1356 2448 1632 2503 improperat,
1677 2450 1720 2488 et
1759 2447 1830 2488 da-

441 2519 463 2537 “
495 2515 615 2556 bitur
649 2516 695 2556 ei.
769 2515 967 2557 Postulet
999 2519 1146 2558 autem
1178 2516 1225 2557 in
1265 2516 1361 2568 fide,
1394 2515 1506 2556 nihil
1536 2514 1775 2558 haesitans.”
