1905 3180
263 402 347 433 AI).

229 448 382 477 12:37-50.

206 1720 395 1752 Provincial

218 1765 397 1796 Ministers.

207 1812 322 1883 Fratlei·

207 1897 378 1938 Agnellus.

422 270 474 309 52
834 274 1014 306 Tnmms
1047 274 1107 304 DE
1140 273 1400 304 ECCLEerN,

424 399 634 450 ungucrct
681 394 796 442 cle0;
854 392 969 447 quod
1020 394 1063 432 et
1113 391 1224 431 fecit.
1288 391 1381 432 Ista
1432 390 1603 445 scripsit
1661 388 1817 430 Frater

427 463 628 517 Garynus
660 462 711 503 de
745 459 997 502 Sedenefeld
1031 459 1086 500 ab
1119 472 1190 499 ore
1225 458 1393 499 Fratris
1426 458 1591 499 Leonis.

484 530 638 570 Frater
679 528 889 570 Albertus
931 527 1044 568 dixit
1077 527 1193 580 quod
1224 526 1312 567 tria
1350 526 1566 582 praecipue
1609 523 1817 566 sublima-

422 600 581 639 verunt
624 596 860 647 Ordinem3
909 594 1088 635 nuditas
1130 593 1302 649 pedum,
1342 593 1489 636 vilitas
1535 593 1818 636 vestimento-

423 680 532 716 rum,
566 667 608 705 et
640 664 822 718 abjectio
854 662 1059 718 pecuniae.

485 733 640 774 Frater
671 732 891 773 Walterus
922 730 974 771 de
1019 729 1218 784 Reygate
1261 729 1377 771 dixit
1419 729 1534 785 quod
1575 729 1817 771 revelatum

423 800 507 841 fuit
539 800 707 840 cuidam
754 799 878 840 fratri
912 798 957 838 in
989 797 1213 853 provincia
1245 797 1397 839 Sancti
1431 797 1659 849 Francisci,
1702 796 1818 852 quod

425 868 640 909 <stelliones
672 867 803 907 ommi
835 880 950 907 anno
992 865 1214 907 celebrant
1246 865 1475 907 concilium
1508 869 1659 907 contra
1692 864 1818 906 Ordi-

423 949 533 985 nem,
567 938 611 976 ct
642 938 747 975 tunc
778 937 865 975 tres
897 933 991 974 vias
1022 933 1372 984 adinvenerant;
1404 934 1565 976 scilicet
1593 932 1819 974 familiari-

423 1005 559 1044 tatem
610 1002 850 1050 mulierum,
904 1001 1195 1056 receptionem
1256 1002 1479 1044 inutilium
1526 1016 1817 1059 personarum,

423 1073 467 1114 ot
499 1071 883 1113 contrectationem
915 1069 1118 1127 pecuniae.

926 1443 1152 1488 COLLA'rio
1186 1443 1316 1487 XIII.

526 1591 589 1634 Dc
622 1589 906 1635 Successiooze
937 1589 1268 1634 illinistrorum
1299 1588 1701 1633 Provincialium.¹

490 1718 659 1760 Primus
692 1719 829 1775 igitur
860 1719 1059 1760 minister
1082 1719 1256 1775 Angliae
1286 1719 1372 1760 fuit
1404 1719 1559 1761 Frater
1581 1719 1824 1775 Angnellus

429 1786 621 1838 Pisanus,
654 1791 705 1828 ut
737 1802 867 1843 supra
909 1787 1073 1828 dictum
1116 1791 1192 1839 est,
1246 1787 1314 1829 vir
1357 1788 1590 1843 prudentia
1632 1788 1825 1829 naturali

427 1856 639 1911 praecipue
671 1856 894 1911 praeditus,
940 1856 1058 1896 omni
1100 1855 1279 1906 virtute,
1321 1855 1483 1907 ordine,
1517 1858 1561 1896 et
1596 1855 1825 1897 honestate

428 1923 691 1978 conspicuus.
786 1923 873 1974 Qui
924 1926 1023 1979 post
1074 1923 1285 1964 nuncium
1338 1923 1454 1978 quod
1506 1937 1583 1978 pro
1634 1923 1825 1979 praelat-is

429 1990 600 2045 Anglife
643 1991 772 2032 simul
810 2006 906 2032 cum
956 1991 1109 2032 Fratre
1157 1991 1201 2032 P.
1247 1991 1299 2032 de
1347 1990 1672 2046 Theukesbury,
1720 1994 1826 2034 tunc

428 2059 635 2113 temporis
686 2059 896 2115 gareliano
960 2059 1209 2109 Londoniae,
1263 2062 1307 2100 et
1351 2058 1561 2101 fratribus
1613 2059 1826 2101 Praedica-

430 2125 597 2166 toribus
638 2127 684 2166 in
726 2128 845 2168 curia
877 2127 1074 2168 Romana
1106 2126 1511 2168 commendabiliter
1554 2141 1825 2168 consumma-

430 2195 566 2243 verat,
599 2192 846 2235 infirmatus
887 2198 953 2236 cst
991 2194 1176 2237 Oxoniae
1220 2195 1482 2251 dysenteria,
1516 2209 1604 2251 prae
1655 2195 1825 2251 frigore,

432 2263 483 2299 ut
533 2259 764 2312 dicebatur,
807 2266 851 2303 et
914 2262 1060 2304 labore
1103 2277 1230 2318 quem
1281 2277 1357 2318 pro
1403 2277 1506 2319 pace
1553 2262 1828 2304 reformanda

432 2327 547 2367 inter
588 2327 811 2369 dominum
852 2345 995 2385 regem
1038 2334 1082 2372 et
1123 2331 1419 2372 marescallum
1461 2345 1587 2372 suum
1629 2330 1676 2371 in
1716 2346 1829 2372 mar-

433 2393 530 2434 chia
581 2394 760 2445 Walliae,
804 2400 847 2438 et
902 2399 948 2438 in
1002 2398 1280 2439 discurrendo
1323 2413 1400 2454 per
1448 2398 1654 2454 Angliam
1699 2399 1828 2440 susti-

434 2461 617 2502 nuerat.2
705 2463 940 2519 Postquam
1003 2470 1149 2508 autem
1209 2466 1356 2507 fluxus
1418 2481 1494 2523 per
1554 2466 1828 2508 medicinalia

434 2529 655 2569 restrictus
701 2530 851 2581 fuerat,
897 2534 1060 2589 accepit
1107 2549 1206 2575 eum
1248 2534 1374 2575 iliaca
1419 2534 1560 2590 passio
1612 2537 1656 2575 et
1706 2534 1827 2575 dolor

435 2595 592 2646 lateris,
662 2598 773 2639 unde
831 2600 908 2641 vix
970 2617 995 2643 a
1057 2602 1242 2645 clamore
1304 2602 1524 2644 continere
1580 2616 1623 2644 se
1675 2602 1825 2644 valuit.

481 2814 487 2831 ¹
507 2812 643 2845 collatio
672 2814 776 2848 XIV.
811 2816 863 2848 De
894 2820 1096 2858 successione,
1189 2821 1201 2839 ²
1219 2820 1306 2852 A.D.
1331 2825 1423 2854 1232.
1472 2820 1533 2853 See
1557 2821 1639 2853 Mat.
1667 2820 1772 2860 Paris,
1790 2822 1825 2853 in

435 2866 488 2906 §zu
514 2865 599 2898 Cott.
1143 2872 1212 2904 that
1229 2883 1317 2914 year.
