1905 3180
650 278 886 311 EPIsTOLAE.
1380 275 1466 321 357

65 403 262 445 innixum
295 403 531 445 Dominum
561 405 674 446 vidit
706 405 777 455 1110
810 406 1088 448 Pau-iarehae
1141 406 1349 462 Succingo
1382 422 1468 448 ser-

68 485 247 519 monem,
286 471 422 512 sciens
454 473 521 513 cui
553 473 713 528 loquor.
798 473 965 515 Sufficit
997 475 1159 515 etenim
1203 475 1465 516 occasionem

68 543 268 594 praestare
301 539 495 594 sapienti.

126 606 196 647 Ad
239 607 329 649 haec
375 608 587 663 signastis,
640 612 690 650 ut
742 609 793 650 de
845 609 958 650 facto
1002 610 1147 651 fratris
1191 610 1367 652 Thomze
1413 611 1465 652 (10
1484 619 1630 653 Advises

69 674 269 724 Eboraco,
313 690 402 716 non
438 676 656 717 immerito
699 676 907 718 fratribus
950 677 996 717 in
1031 677 1203 719 Christo
1235 664 1661 740 0111·10011110,ξῖ1ζὲζὲ0“

68 742 188 784 vobis
221 742 535 786 insufficientiae
572 758 678 786 111010
711 745 934 785 consilium
971 745 1244 786 intimarem:
1289 750 1465 801 propter
1484 753 1579 783 York

68 811 180 866 quod
228 811 493 853 discretionis
545 816 700 854 vestrae
758 813 1025 867 paternitati,
1085 817 1298 868 quatenus
1358 814 1465 854 mihi
1483 797 1668 874 ζὲοῑῑξέἶάω,

67 879 262 920 veritatis
319 879 541 921 contuitus
602 895 690 921 non
750 880 991 929 obducitur,
1049 881 1206 922 suadeo
1251 884 1465 936 quatenus
1485 885 1671 918 atOxford.

67 946 229 988 dictum
266 947 444 989 fratrem
475 948 686 989 Thomam
718 948 772 989 ob
811 948 1052 990 claritatem
1094 949 1268 1004 ingenii,
1312 952 1356 991 et
1396 949 1467 991 lit-

67 1018 268 1056 teraturae
317 1016 529 1071 peritiam,
586 1020 630 1057 et
686 1015 964 1058 moderamen
1016 1016 1266 1065 honestatis,
1311 1017 1468 1071 quibus

67 1081 276 1124 divinitus
308 1079 373 1124 est
419 1083 663 1138 insignitus,
706 1083 968 1139 praecipia-tis
1015 1084 1159 1125 studio
1203 1084 1466 1126 Divinorum

67 1150 331 1205 eloquiorum
369 1151 593 1206 applicare,
632 1152 838 1192 lectiones
876 1151 1101 1193 doctorum
1144 1151 1372 1201 audiendo,
1422 1156 1466 1194 et

66 1218 365 1274 investigando
395 1220 553 1274 scripta
582 1220 807 1269 dictorum,
832 1219 934 1260 dum
964 1219 1103 1260 adhuc
1129 1219 1337 1274 juvenilis
1361 1224 1467 1261 {etas

66 1287 301 1328 maturiora
322 1287 468 1328 tardat
495 1288 790 1343 experimenta
821 1302 1093 1342 nequaquam
1116 1288 1253 1328 eidem
1276 1288 1355 1328 hac
1377 1288 1469 1329 vice

67 1368 172 1395 onus
224 1355 522 1410 impendendae
567 1355 823 1396 eruditionis
860 1355 1138 1410 imponentes.
1223 1355 1469 1396 Secundum

67 1422 353 1477 conjecturam
399 1438 551 1473 meam,
595 1423 632 1464 si
672 1422 805 1464 frater
845 1422 1032 1464 Thomas
1080 1423 1132 1463 de
1185 1423 1377 1464 Eboraco
1424 1423 1471 1463 in

67 1490 200 1532 officio
226 1491 398 1547 legendi
422 1491 556 1533 fuerit
585 1493 827 1547 occupatus,
859 1490 987 1532 citius
1018 1491 1130 1532 forte
1159 1491 1329 1531 eveniet
1357 1491 1472 1545 quod

68 1558 119 1599 de
160 1559 250 1614 ipso
298 1559 486 1601 timetur.
552 1559 618 1600 De
665 1573 749 1614 quo
781 1558 889 1599 mihi
919 1558 1084 1599 bonum
1130 1558 1318 1607 videtur,
1357 1557 1473 1612 quod

66 1627 308 1682 assignetur
337 1627 545 1668 fratribus
568 1627 752 1668 Oxoniae
784 1641 860 1681 pro
883 1626 1051 1675 lectore,
1080 1626 1222 1681 ipsum
1251 1626 1471 1667 retinendi

67 1695 203 1751 gratia
245 1695 301 1736 ad
347 1695 635 1746 multimodas,
686 1694 931 1735 Divinitate
983 1694 1181 1749 propitia,
1215 1694 1428 1735 utilitates
1447 1693 1471 1743 3¹

68 1763 182 1812 alias,
215 1764 250 1804 si
282 1763 340 1804 sic
366 1762 580 1804 Dominus
613 1762 664 1803 de
696 1762 787 1817 ipso
815 1761 1093 1810 ordinaverit,
1130 1764 1181 1802 ut
1209 1761 1314 1802 alibi
1344 1775 1472 1815 quam

68 1830 113 1871 in
144 1845 274 1886 regno
307 1830 480 1886 Angliae
513 1833 688 1885 propter
735 1829 967 1871 electorum
1012 1828 1251 1869 utilitatem
1295 1842 1473 1883 occupe-

71 1901 153 1948 tur,
196 1913 283 1940 non
327 1901 392 1939 est
428 1912 624 1938 securum
669 1911 746 1953 per
789 1897 977 1938 cautelas
1022 1896 1232 1937 humanas
1275 1910 1470 1951 supernae

70 1963 377 2022 dispensationi
408 1964 718 2007 contravenire.

129 2032 318 2090 Rogavit
355 2048 424 2075 me
464 2033 598 2075 frater
646 2032 779 2089 Hugo
818 2031 869 2074 de
914 2031 1153 2081 Lenkenor,
1191 2031 1324 2073 frater
1370 2031 1475 2073 boni

71 2102 200 2143 moris
231 2105 275 2143 et
308 2101 397 2157 spei
437 2101 678 2147 laudabilis,
715 2103 905 2142 vestram
939 2099 1211 2155 interpellare
1250 2100 1471 2155 pietatem,

70 2174 119 2211 ut
154 2184 240 2212 non
277 2169 499 2225 displiceat
530 2168 752 2210 sanctitati
793 2172 948 2210 vestrae
989 2165 1198 2209 fratribus
1234 2166 1470 2223 injungere,

72 2238 224 2293 quibus
266 2242 331 2280 est
368 2238 610 2293 assignatus
654 2251 729 2292 pro
771 2237 939 2286 lectore,
974 2240 1023 2278 ut
1058 2235 1196 2278 eidem
1234 2236 1470 2291 providere,

72 2306 301 2347 secundum
331 2306 446 2361 quod
472 2305 687 2360 competit,
712 2307 927 2360 satagant,
950 2307 1027 2345 aut
1056 2304 1197 2359 ipsum
1226 2304 1281 2345 ab
1308 2303 1470 2358 obliga-

71 2373 188 2415 tione
234 2373 359 2415 clictae
402 2373 717 2428 assignationis,
766 2373 801 2413 si
845 2372 904 2414 sic
950 2366 1094 2414 vestro
1143 2371 1300 2413 sederit
1343 2372 1471 2412 bene-

71 2442 236 2497 placito,
270 2441 478 2491 absoluto,
511 2455 598 2482 non
630 2444 876 2495 querantur.

132 2509 414 2551 Insinuarunt
445 2509 552 2549 mihi
583 2507 750 2550 fratres*
767 2508 954 2563 quidam,
978 2507 1093 2563 quod
1124 2506 1270 2549 fratris
1292 2507 1468 2549 Thomae
1488 2509 1575 2542 That
1591 2509 1682 2542 Tho»

580 2576 587 2584 .
617 2576 641 2585 ..
753 2577 760 2584 .
830 2576 836 2584 .
897 2577 904 2584 .
1192 2577 1198 2584 .
1239 2575 1246 2583 .
1487 2564 1558 2585 mas
1578 2554 1616 2586 of

74 2576 125 2618 de
158 2577 459 2633 Maydenstan7
489 2581 655 2627 novitii,
691 2591 765 2632 (1111
797 2576 978 2618 dlutinae
1009 2576 1271 2618 valetudmis
1303 2576 1466 2617 dudum
1486 2597 1706 2641 Maydenstan

579 2848 587 2868 ¹
614 2849 675 2882 See
698 2847 804 2890 Epist.
830 2847 971 2881 CXCIL
