1905 3180
614 226 850 258 nrisrorffl.
1349 215 1434 260 237

37 348 62 367 “
93 343 344 399 lugentibus
376 341 505 397 ejus.”
548 343 605 383 Et
637 342 822 384 iterum:
848 341 1118 396 “Numquid
1147 342 1341 384 oblivisci
1362 357 1435 397 po-

40 416 62 434 “
95 411 197 453 terit
239 411 393 451 mulier
435 410 645 451 infantem
675 425 811 459 suum,
850 413 901 451 ut
936 424 1024 450 non
1061 410 1316 451 misereatur
1347 411 1435 451 filio

40 483 63 501 “
95 479 209 520 uteri
246 478 342 519 sui?
415 478 509 519 Etsi
554 478 629 518 illa
666 478 803 518 oblita
839 477 981 525 fucrit,
1033 477 1125 532 Ego
1162 480 1310 518 tamen
1347 492 1436 519 non

39 553 60 569 “
93 546 323 588 obliviscar
350 544 455 587 tui.’'
533 545 642 587 Haec
678 546 814 600 igitur
844 560 1009 585 summe
1043 545 1208 586 saeculis
1246 546 1436 601 amplex-

39 614 153 655 anda
205 628 403 670 supernae
454 613 735 669 paternitatis
787 611 980 668 piissima
1031 612 1308 668 dispensatio,
1361 628 1437 668 per

40 697 168 737 quam
223 681 459 723 secundum
507 680 767 736 evangelicae
827 679 1064 721 sanctionis
1120 680 1434 728 testimonium,

37 750 180 792 filialis
230 748 521 791 reconciliatio
573 762 661 788 non
712 751 804 788 tam
837 747 1046 802 dignitati
1079 747 1277 803 pristinae
1310 748 1437 789 resti-

38 818 180 860 tuitur
217 832 345 872 quam
387 816 550 857 honore
592 815 836 856 sublimiori
873 814 1152 866 cumulatur3
1184 819 1235 856 ut
1271 830 1438 871 semper

39 887 83 927 in
136 885 262 926 nobis
316 884 534 925 divinitus
580 883 690 924 illud
744 883 950 938 effulgeat
997 883 1112 937 quod
1157 883 1334 924 divinus
1375 884 1437 925 ait

37 953 295 1009 Apostolus:
353 952 483 993 “Ubi
525 951 770 992 abundavit
812 951 1019 992 delictum
1066 951 1437 1006 superabundabit

39 1026 60 1043 “
93 1025 136 1062 et
166 1019 347 1076 gratia.''
412 1019 704 1071 Quamobrem
733 1019 916 1060 exclusit
944 1018 1117 1074 penitus
1148 1018 1437 1061 haesitationis

38 1088 383 1144 ambiguitatem,
427 1087 541 1142 quod
589 1087 667 1135 his,
713 1087 766 1128 de
818 1101 902 1141 quo
946 1086 1113 1128 dictum
1163 1090 1239 1138 est,
1294 1087 1436 1128 “Non

39 1163 59 1178 “
94 1155 317 1198 delectaris
361 1155 406 1195 in
441 1154 760 1210 perditionibus
802 1154 973 1204 nostris,
1008 1154 1082 1208 qui
1126 1159 1224 1209 post
1254 1158 1437 1211 tempes-

40 1227 232 1265 “tatem
278 1222 566 1277 tranquillum
599 1221 715 1271 sacis,
762 1225 806 1263 et
851 1225 950 1277 post
998 1222 1343 1264 lacrimationem
1393 1228 1436 1264 et

40 1296 62 1314 ‘⁶
96 1292 246 1334 fletum
289 1290 606 1332 exultationem
656 1289 889 1342 infundis‚”
939 1294 1169 1345 postquam
1220 1292 1437 1332 serenavit

39 1359 354 1407 conscientiam,
398 1358 640 1399 illustrabit
680 1360 725 1399 et
766 1358 937 1407 famam,
980 1357 1154 1398 sanabit
1204 1358 1437 1400 detrimen-

38 1431 132 1470 tum
166 1431 210 1469 et
241 1426 529 1468 sanctificabit
560 1424 843 1482 exemplum.¹
896 1425 943 1468 Si
975 1428 1122 1467 tamen
1154 1439 1252 1467 cum
1280 1426 1437 1468 affectu

39 1496 319 1552 suscipiamus
346 1495 466 1536 illam
498 1494 553 1535 ad
581 1497 765 1536 rectores
791 1493 1035 1535 animarum
1063 1493 1273 1535 directam
1301 1494 1437 1550 Apos-

38 1563 115 1606 toli
168 1563 442 1613 sententiam,
505 1577 591 1618 qua
642 1562 832 1604 dicitur:
881 1566 904 1584 “
919 1561 985 1603 Tu
1036 1575 1139 1603 vero
1180 1562 1341 1618 vigila3
1391 1564 1437 1604 in

40 1635 63 1654 “
94 1632 294 1674 omnibus
325 1631 474 1673 labora
499 1647 508 1682 3
553 1645 660 1686 opus
701 1630 767 1672 fac
808 1630 1115 1687 evangelistae3
1147 1630 1438 1673 ministerium

40 1703 63 1722 “
94 1704 221 1742 tuum
253 1700 413 1756 imple;
455 1698 622 1740 sobrius
657 1698 784 1740 esto.’'

100 1768 213 1819 Quia
253 1767 477 1809 vobiscum
521 1766 801 1808 desiderabile
842 1766 957 1807 vivae
1004 1766 1120 1807 vocis
1174 1766 1437 1820 colloquium

39 1836 84 1876 in
121 1835 449 1891 praesentiarum
490 1835 647 1875 habere
688 1847 866 1889 nequeo,
898 1833 1017 1883 libet,
1050 1833 1152 1874 licet
1183 1834 1439 1875 succinctius

42 1917 172 1958 quam
204 1903 333 1951 volui,
369 1902 459 1944 haec
504 1902 556 1943 de
588 1901 749 1942 divinis
780 1900 961 1956 eloquiis
992 1900 1048 1941 ad
1078 1904 1236 1942 vestrae
1283 1902 1440 1943 sereni-

40 1971 145 2012 tatis
178 1970 431 2025 obsequium
462 1969 586 2010 brevi
632 1969 780 2010 littera
822 1968 1134 2024 perstrinxisse.
1219 1967 1437 2010 Caeterum

39 2039 90 2079 de
122 2038 294 2093 negotio
327 2038 519 2089 salutari,
553 2036 674 2092 cujus
706 2037 753 2077 in
784 2037 930 2078 littera
952 2036 1087 2078 vestri
1117 2037 1260 2092 gratia
1290 2037 1438 2078 memi-

40 2106 179 2156 nistis,
201 2120 278 2162 per
311 2105 527 2161 Rogerum
552 2105 618 2146 de
652 2104 905 2160 Langeford,
938 2104 1197 2145 servientem
1230 2109 1436 2154 vestrum,

40 2174 146 2215 mihi
176 2188 314 2229 nuper
357 2173 590 2221 insinuato,
639 2173 740 2227 quia
770 2172 1003 2214 secundum
1035 2171 1300 2213 modicitatis
1331 2187 1437 2214 mcae

41 2242 299 2283 desiderium
347 2241 402 2282 ad
435 2241 570 2282 vestri
613 2241 797 2281 salutem
840 2243 884 2281 et
914 2239 1131 2289 honorem,
1166 2244 1209 2281 et
1255 2240 1439 2281 scholas-

40 2309 136 2351 ticae
168 2309 373 2351 utilitatis
403 2308 730 2364 promotionem,
763 2307 957 2349 nondum
989 2311 1274 2363 congruentes
1306 2323 1440 2350 acces·

42 2381 193 2418 serunt
231 2376 593 2428 circumstantiae3
628 2391 743 2432 rogo,
777 2376 892 2431 quod
924 2379 968 2417 et
998 2376 1196 2432 magistri
1226 2376 1440 2417 universi-

42 2445 146 2486 tatis
187 2445 315 2486 simul
363 2438 586 2500 exoptant,
629 2447 680 2485 ut
722 2444 757 2484 si
798 2443 1116 2486 rationabiliter
1161 2443 1255 2485 fieri
1295 2448 1438 2500 potest

42 2512 207 2568 placeat
236 2513 605 2569 circumspectioni
635 2516 791 2554 vestrae
824 2526 959 2567 usque
990 2512 1046 2553 ad
1077 2512 1245 2553 instans
1281 2511 1437 2553 festum

44 2579 307 2623 Pentecostae
358 2580 659 2623 universitatis
700 2584 925 2636 expectare
967 2594 1230 2636 responsum,
1278 2580 1438 2635 absque

365 2849 374 2868 ¹
390 2848 461 2881 The
477 2848 614 2889 reading
630 2847 667 2879 of
685 2848 751 2882 this
767 2852 918 2880 sentence
937 2846 963 2879 is
980 2848 1125 2880 obscure.
