1905 3180
601 319 835 350 EPISTOLAE.
1330 312 1413 351 433

30 446 52 465 “
80 455 236 498 ponere
282 441 508 496 evangelio
555 446 730 493 metam,
773 442 954 483 verbum
1000 444 1259 498 suspendore
1302 444 1414 491 fidoi,

29 509 214 561 “donec
244 508 482 549 infidelitas
518 511 828 564 persevci·at3’'
890 510 1134 550 Audiamus
1168 511 1236 551 hic
1269 526 1415 565 quom-

27 577 124 619 dam
164 575 407 630 sapientum
454 576 501 616 in
548 576 627 617 hac
679 591 807 617 causa
853 577 1101 631 loquentem
1146 578 1225 618 hoc
1280 578 1415 617 modo.

28 648 50 667 “
82 643 177 694 Qua
236 643 405 684 ratione
460 647 666 697 putamus
712 643 913 684 subsistit
975 658 1149 684 currens
1211 645 1418 685 velociter

29 717 50 734 “
81 713 239 752 sermo?
301 710 410 761 Quis
442 711 582 765 primo
604 710 797 751 inhibuit
829 711 943 751 hunc
966 711 1201 751 salutarem
1224 714 1419 751 cursum?

29 783 52 801 “
83 778 140 819 Et
162 777 381 832 aliquibus
412 777 523 818 forte
555 777 640 818 fuit
673 792 812 828 causa,
837 792 967 832 quam
999 778 1223 827 nescimus,
1249 778 1417 828 silendi,

29 850 52 867 “
81 847 158 886 aut
188 845 418 886 necessitas
450 844 595 900 potuit
616 844 836 886 obstitisse
866 845 1096 899 quominus
1128 845 1419 900 loquerentur.

30 917 52 935 “
81 912 219 954 Nobis
250 927 347 967 quae
378 912 680 953 dissimulandi
712 916 777 953 est
809 913 954 954 ratio?
1002 913 1099 963 Qua
1130 913 1300 964 fiducia,
1335 928 1421 967 qua

28 985 51 1003 “
81 979 342 1022 conscientia
384 979 609 1021 Christum
656 994 741 1020 non
787 979 1035 1021 offerimus¹
1078 980 1150 1031 eis,
1205 981 1278 1035 qui
1331 994 1420 1020 11011

28 1051 52 1070 “
80 1047 272 1088 habent?
331 1046 402 1087 An
425 1047 658 1088 veritatem
690 1046 773 1087 Dei
805 1047 850 1087 in
872 1047 1093 1102 injustitia
1121 1047 1366 1088 detinemus
1380 1045 1422 1088 2⁸

29 1115 86 1157 Et
128 1114 314 1169 quidem,
347 1115 626 1169 quanquam²
669 1115 899 1169 proveniat
937 1115 1163 1169 plenitudo
1208 1115 1418 1169 gentium,

28 1196 193 1225 necesse
225 1185 298 1223 est.
362 1181 657 1237 Expectamus
700 1181 747 1221 in
792 1196 863 1222 eas
906 1182 1074 1223 incidat
1123 1183 1262 1224 fides?
1325 1183 1421 1233 Quo

31 1249 197 1292 credere
219 1263 319 1290 casu
341 1249 551 1304 contigit?
574 1249 799 1300 Quomodo
822 1249 998 1290 credent
1020 1250 1112 1290 sine
1134 1250 1424 1304 praedicante?

31 1317 184 1359 Petrus
231 1317 287 1357 ad
331 1315 592 1365 Cornelium,
628 1316 856 1371 Philippus
904 1317 960 1357 ad
1003 1317 1267 1357 Eunuchum
1300 1317 1421 1358 missi

31 1388 140 1427 sunt.
204 1384 264 1425 Et
311 1384 347 1424 si
399 1384 648 1439 exemplum
691 1383 906 1424 recentius
959 1384 1203 1438 quaerimus,
1250 1385 1425 1438 Augus-

31 1453 147 1494 tinus
168 1466 194 1493 a
213 1452 343 1493 beato
376 1451 583 1506 Gregorio
615 1451 859 1492 destinatus
891 1451 1075 1492 formam
1107 1452 1210 1493 fidei
1238 1452 1425 1493 tradidit

33 1519 195 1576 Anglis.
258 1518 643 1561 Reformabiturne
690 1519 819 1560 ruina
861 1519 964 1560 fidei
995 1519 1079 1560 nisi
1122 1534 1197 1574 per
1242 1520 1426 1560 formam

33 1587 320 1644 apostolicam,
343 1601 420 1642 per
451 1601 582 1641 quam
604 1589 670 1627 est
701 1586 918 1627 formata?
971 1586 1057 1628 Sed
1089 1587 1289 1642 gentium
1320 1587 1427 1628 fero·

34 1655 208 1697 citatem
251 1654 559 1696 obtendimus?
622 1654 669 1696 Si
716 1661 877 1696 mortes
929 1654 1266 1710 praedicatorum
1297 1669 1428 1710 expa—

36 1723 255 1773 vescimus,
280 1736 373 1763 ecce
404 1721 660 1763 benedictus
693 1721 912 1773 Salvator,
940 1736 1034 1763 ecce
1069 1722 1257 1764 occurrit
1290 1722 1430 1763 Filius

38 1790 119 1832 Dei
149 1790 396 1832 confortans
428 1789 731 1844 praedicatores
762 1789 889 1829 verbi
921 1793 1074 1830 contra
1106 1804 1252 1830 omnes
1283 1789 1430 1830 formi-

39 1858 247 1900 dabilium
293 1860 530 1899 eventuum
583 1860 794 1897 terrores:
844 1856 990 1897 “Ecce
1043 1856 1164 1911 eg0,”
1215 1857 1427 1911 inquiens,

0 1960 1 1963 η
41 1926 218 1967 “mitto
264 1940 341 1967 vos
385 1926 497 1966 sicut
534 1939 668 1979 agnos
710 1925 758 1964 in
800 1924 944 1964 medio
985 1923 1197 1979 luporum.
1278 1924 1429 1965 Estote

40 1997 65 2017 “
95 2008 193 2049 ergo
244 1992 480 2048 prudentes
526 1992 640 2033 sicut
687 1995 921 2047 serpentes,
957 1996 1001 2032 et
1052 1991 1267 2046 simplices
1319 1992 1431 2033 sicut

42 2065 64 2084 “
93 2060 310 2103 columbae.
359 2060 522 2102 Cavete
554 2062 703 2100 autem
730 2059 784 2100 ab
816 2059 1094 2108 hominibus,
1117 2059 1293 2100 tradent
1316 2059 1431 2100 enim

43 2133 67 2151 “
95 2143 172 2170 vos
215 2128 262 2169 in
303 2127 504 2177 conciliis,
539 2130 585 2168 et
628 2127 677 2167 in
723 2126 959 2182 synagogis
1006 2126 1096 2167 suis
1142 2126 1432 2181 flagellabunt

44 2199 66 2218 “
95 2210 181 2248 vos,
205 2199 250 2237 et
270 2195 327 2236 ad
357 2209 479 2250 reges
501 2198 546 2236 et
580 2194 633 2236 ad
661 2194 865 2249 praesides
888 2193 1106 2235 ducemini
1137 2198 1315 2249 propter
1350 2209 1431 2245 me,

45 2267 69 2286 “
96 2263 144 2305 in
162 2263 460 2305 testimonium
491 2262 578 2303 illis
601 2265 645 2303 et
666 2262 883 2317 gentibus.
933 2261 1044 2304 Cum
1078 2265 1227 2303 autem
1256 2262 1434 2303 tradent

46 2334 67 2354 “
96 2345 183 2382 vos,
215 2331 353 2372 nolite
390 2330 582 2385 cogitare
629 2330 843 2384 quomodo
887 2333 966 2370 aut
1013 2330 1117 2385 quid
1159 2330 1429 2384 loquamini:

12 2425 13 2432 1
46 2402 69 2421 “
98 2398 274 2440 dabitur
305 2398 422 2439 enim
472 2397 598 2439 vobis
645 2398 693 2438 in
740 2397 816 2438 illa
866 2397 974 2439 hora
1027 2398 1133 2452 quid
1181 2397 1432 2452 loquamini.

46 2469 69 2488 “
98 2465 201 2508 Non
221 2466 337 2507 enim
358 2480 436 2507 vos
456 2466 560 2507 estis
583 2465 657 2520 qui
689 2465 931 2519 loquimini,
957 2465 1031 2506 sed
1065 2464 1256 2521 Spiritus
1290 2466 1434 2506 Patris

49 2539 71 2556 “
98 2534 231 2576 vestri
263 2534 338 2589 qui
380 2533 577 2588 loquitur
607 2533 653 2573 in
691 2533 828 2574 vobis.
903 2532 1065 2573 Tradet
1111 2536 1259 2573 autem
1302 2532 1438 2573 frater

50 2605 73 2624 “
99 2601 277 2643 fratrem
304 2602 353 2642 in
382 2605 580 2650 mortem,
616 2603 661 2642 et
692 2603 816 2654 pater
847 2599 997 2649 filium,
1022 2603 1066 2640 et
1097 2600 1327 2655 insurgent
1357 2599 1438 2639 filii

50 2669 147 2710 “in
192 2672 392 2725 parentes
444 2672 488 2710 et
518 2671 659 2710 morte
691 2682 761 2708 eos
803 2666 1021 2717 afficient3
1081 2671 1125 2708 et
1167 2667 1288 2708 eritis
1339 2667 1438 2707 odio

96 2881 108 2903 ¹
125 2883 190 2918 Sic.
734 2884 740 2927 1
807 2885 819 2902 ’·’
842 2895 924 2926 ῳιᾳ;,
