1905 3180
438 275 522 314 218
910 281 1016 313 ADAE
1049 282 1109 312 DE
1139 281 1339 314 MAfflsco

436 408 457 422 ‘³
489 405 576 442 tem
609 415 731 455 aquae¹
766 399 891 449 vivre,
926 402 970 441 et
1017 398 1223 441 foderunt
1265 398 1348 441 sibi
1394 397 1603 440 cisternas
1649 398 1829 455 dissipa-

434 476 457 491 ·‘
488 472 566 520 tas,
601 483 696 524 quae
729 468 951 510 continere
988 482 1076 509 non
1108 467 1260 508 valent
1291 465 1463 523 aquas.”

490 537 550 578 Et
592 536 697 592 quid
738 536 914 578 dicam?
955 535 1208 592 Adaperiat‚
1248 549 1334 587 oro,
1371 535 1469 577 Rex
1509 534 1713 591 pacificus
1758 549 1830 576 cor

432 608 621 646 vestrum
653 604 700 645 in
729 604 822 660 lege
857 618 934 645 sua
970 606 1014 645 et
1042 603 1089 644 in
1117 602 1345 660 praeceptis
1383 603 1483 655 suis,
1518 606 1562 644 et
1593 603 1726 644 faciat
1756 618 1831 659 pa-

429 688 544 715 cem:
581 672 786 714 exaudiat
818 672 992 714 omnino
1022 671 1238 714 orationes
1266 674 1434 713 vestras
1465 674 1509 713 et
1530 671 1832 713 reconcilietur

429 741 563 789 vobis,
602 741 657 783 ad
688 740 945 796 ejiciendum
987 739 1039 782 de
1080 739 1244 795 templo
1277 739 1360 781 Dei
1391 739 1638 795 negotiosas
1669 739 1832 781 tumul-

429 810 651 851 tuantium
706 809 901 851 rixarum
970 806 1379 864 compugnantias‚¹
1435 811 1561 849 tanto
1624 807 1832 849 solliciori

427 878 656 933 potestatis
708 877 972 919 authenticae
1024 891 1214 926 censura,
1271 877 1437 932 quanto
1483 875 1719 918 secundum
1771 876 1832 917 fa-

428 946 716 988 mosissimum
766 945 1089 1001 metropolitani
1137 944 1338 986 culminis
1384 943 1622 1000 fastigium,
1665 945 1832 986 eaeteris

428 1014 543 1055 orbis
589 1014 830 1056 Christiani
878 1013 1077 1065 ecclesiis,
1111 1012 1322 1054 salutaria
1357 1012 1546 1068 pacificae
1589 1011 1833 1054 vacationis

426 1083 623 1138 exempla
654 1082 950 1123 transmittere
979 1085 1154 1123 tenetur
1184 1081 1419 1136 obligatius
1440 1097 1449 1132 3
1483 1096 1566 1136 quo
1592 1081 1673 1121 fiat
1701 1083 1752 1121 ut
1777 1080 1829 1121 de

425 1166 556 1207 regno
602 1150 683 1191 Dei
735 1150 976 1206 profugatis
1027 1149 1297 1206 perditarum
1345 1149 1674 1190 contentionum
1717 1148 1830 1190 insa-

424 1218 517 1268 niis,
557 1218 613 1259 ad
654 1218 930 1274 spectabilem
972 1217 1086 1259 tanti
1127 1220 1303 1259 senatus
1339 1216 1644 1268 imitationem,
1684 1231 1832 1258 omnes

425 1286 716 1328 ecclesiasticae
760 1286 1035 1341 professionis
1076 1286 1246 1341 gradus,
1293 1285 1527 1327 secundum
1560 1284 1832 1341 Apostolum,

425 1354 563 1396 sciant
585 1355 798 1409 quomodo
821 1358 1018 1409 oporteat
1040 1368 1110 1395 eos
1132 1352 1179 1394 in
1201 1354 1327 1395 domo
1351 1353 1435 1394 Dei
1457 1352 1712 1403 conversari,
1737 1367 1834 1408 quae

427 1426 492 1463 est
524 1422 699 1463 ecclesia
732 1422 815 1463 Dei
843 1422 947 1471 vivi,
979 1422 1249 1463 conferentes
1276 1437 1319 1463 se
1351 1421 1574 1462 vobiscum
1608 1421 1664 1462 ad
1691 1421 1837 1476 pacifi-

424 1505 520 1532 cum
560 1505 728 1546 magnae
771 1489 947 1545 pietatis
993 1493 1320 1540 sacramentum,
1361 1489 1511 1544 “quod
1557 1489 1835 1531 manifestum

425 1564 445 1579 ‘⁶
480 1562 545 1600 est
593 1558 639 1599 in
691 1573 826 1606 carne,
875 1557 1164 1611 justificatum
1211 1561 1276 1599 est
1327 1557 1374 1598 in
1418 1557 1585 1612 spiritu,
1635 1556 1836 1613 apparuit

428 1632 447 1647 “
481 1627 653 1681 angelis,
710 1625 991 1681 praedicatum
1048 1628 1113 1667 est
1166 1625 1379 1681 gentibus
1424 1625 1634 1666 creditum
1684 1628 1749 1666 est
1790 1625 1837 1665 in

428 1701 448 1714 ‘⁴
482 1694 654 1743 mundo,
679 1697 948 1750 assumptum
974 1697 1039 1735 est
1061 1693 1107 1734 in
1134 1692 1353 1749 glorialn.’'
1397 1692 1523 1744 Quod
1545 1692 1665 1747 ipse‘2
1692 1693 1835 1734 nescio

426 1762 460 1803 si
493 1761 705 1817 quomodo
736 1761 995 1802 laudabilius
1027 1761 1097 1817 agi
1118 1762 1272 1811 valeat,
1308 1776 1438 1816 quam
1467 1760 1514 1801 in
1545 1764 1636 1801 tam
1659 1761 1838 1816 vulgata

424 1830 538 1871 tanti
569 1829 825 1871 discriminis
862 1844 998 1878 causa7
1036 1844 1085 1870 ea
1127 1844 1223 1884 quae
1255 1830 1306 1870 de
1340 1828 1586 1885 supradicta
1616 1829 1732 1884 pacis
1772 1844 1836 1870 re-

423 1897 681 1938 formatnme
713 1897 769 1938 ad
799 1901 890 1938 tam
924 1896 1253 1939 desiderabilem
1276 1897 1444 1938 exitum
1476 1900 1568 1938 tam
1599 1897 1833 1952 magnifica

422 1965 687 2020 perduxistis
721 1964 956 2021 diligentia,
992 1965 1124 2007 etiam
1168 1965 1223 2006 ad
1266 1979 1500 2021 perennem
1544 1964 1744 2006 inviolati
1769 1979 1836 2006 ro-

422 2032 537 2074 boris
568 2033 881 2075 firmitudinem
914 2033 1147 2089 producere
1180 2034 1354 2075 studeat
1386 2036 1536 2074 sancta
1567 2036 1725 2074 vestrae
1757 2032 1836 2074 cir-

423 2101 750 2156 cumspectionis
784 2101 1007 2143 industria.

482 2170 518 2210 O
561 2169 596 2209 si
637 2184 815 2224 pensare
850 2169 1052 2226 dignetur
1095 2170 1209 2212 clara
1250 2166 1509 2212 subtilitatis
1555 2168 1836 2210 considerata}

422 2236 620 2286 ‚willel-tia,
665 2252 791 2292 quam
840 2238 1089 2293 frequenter
1120 2238 1236 2294 apud
1281 2237 1576 2279 modicitatem
1610 2251 1750 2278 meam
1793 2241 1837 2279 et

415 2300 561 2358 justus
603 2303 722 2346 dolor
762 2320 832 2346 cor
879 2306 1069 2347 saucium
1116 2307 1286 2355 lacerat,
1323 2310 1368 2347 et
1416 2305 1636 2347 confusam
1682 2304 1836 2346 faciem

421 2372 552 2412 rubor
580 2373 735 2414 anxius
764 2373 987 2424 suffundit,
1022 2390 1119 2416 cum
1152 2390 1230 2416 nec
1261 2374 1480 2416 immerito
1502 2377 1547 2415 et
1577 2372 1837 2429 pontificalis

421 2440 672 2490 reverentia,
707 2456 784 2496 per
807 2441 1045 2498 inspectam
1077 2458 1184 2485 meae
1217 2441 1507 2498 simplicitatis
1538 2440 1760 2497 ignaviam
1793 2455 1837 2482 se

421 2508 698 2562 conqueritur
734 2525 824 2551 esse
870 2510 1074 2561 delusam,
1114 2515 1159 2553 et
1202 2510 1561 2566 exprobrantium
1603 2508 1837 2550 insolentia

420 2589 507 2615 non
564 2576 741 2632 indigne
803 2578 1044 2620 subsannat
1101 2579 1349 2620 fraudatam
1406 2577 1670 2633 insipientiae
1729 2590 1837 2617 meae

419 2641 647 2685 fiduciam!
727 2644 913 2686 Utinam
960 2647 1007 2687 in
1055 2647 1134 2688 hac
1178 2650 1302 2702 parte
1337 2646 1394 2688 sit
1427 2645 1552 2687 vobis
1585 2649 1629 2686 et
1678 2658 1836 2686 securae

420 2711 689 2753 conscientiae
727 2712 832 2768 juge
878 2714 1143 2764 convivium,
1193 2719 1237 2756 et
1282 2714 1497 2770 opinionis
1538 2713 1720 2768 integrae
1761 2726 1838 2753 no·

419 2792 517 2819 men
570 2778 923 2823 immaculatum!
1032 2782 1324 2834 Quamobrem
1375 2773 1609 2823 novissime
1673 2783 1836 2822 vestrae

466 2930 472 2948 ¹
486 2930 550 2962 sic.
1114 2933 1120 2977 ι
1199 2935 1211 2953 2
1221 2945 1266 2985 ps
1282 2935 1356 2969 Ms.

1902 2898 1905 2988 l
