1905 3180
449 260 533 300 610
970 269 1207 301 APPENDIX
1239 271 1319 302 ΧΠ.

449 400 471 415 “
506 400 515 416 ‘
536 395 705 450 praefati
738 395 861 437 electi
893 396 986 450 ejus
1007 395 1182 437 nomine
1204 396 1341 437 oblati
1373 396 1563 447 suerunt,
1586 411 1715 452 super
1746 411 1848 451 quo-

449 468 471 483 “
506 469 514 483 ‘
537 478 634 503 rum
678 463 895 518 aliquibus
942 463 1035 504 litis
1065 464 1328 505 contestatio
1375 478 1450 519 per
1488 464 1672 505 eundem
1714 464 1848 520 ipsius

449 536 470 551 “
505 535 514 550 ‘
536 530 659 571 electi
706 534 1029 585 procuratorem
1078 531 1193 573 facta
1238 531 1403 582 extitit,
1437 535 1482 573 et
1529 545 1656 588 super
1687 532 1846 574 eisdem

448 604 468 618 “
503 599 634 640 ‘hinc
670 598 771 640 inde
805 599 857 640 de
888 599 1074 640 veritate
1107 599 1288 640 dicenda
1313 600 1515 654 juratum
1541 615 1550 651 3
1596 603 1639 641 et
1670 600 1847 642 tandem

446 670 467 687 ‘⁴
503 672 511 686 ‘
533 666 658 707 factis
690 667 789 707 hinc
819 667 922 707 inde
954 666 1210 716 rationibus,
1244 667 1300 708 ad
1332 667 1525 723 ipsarum
1566 667 1734 722 aliquas
1764 667 1848 709 fuit

446 740 466 754 “
503 740 511 754 ‘
534 748 589 774 ex
619 737 804 788 utraque
855 738 978 789 parte
1029 748 1295 789 responsum,
1328 738 1459 790 prout
1490 735 1582 777 haee
1615 735 1760 776 omnia
1802 735 1847 776 in

446 808 466 821 “
502 808 509 821 ‘
532 801 640 842 actis
672 816 800 856 super
820 801 887 841 his
915 801 1130 852 confectis,
1156 816 1253 856 quae
1282 802 1544 843 venerabilis
1572 802 1707 843 frater
1736 801 1847 844 Prae-

446 876 465 888 “
502 874 509 888 ⁶
532 868 730 909 nestinus
760 869 982 924 episcopus
1011 872 1055 909 et
1077 869 1259 910 dilectus
1290 869 1406 909 filius
1435 872 1583 910 noster
1605 869 1666 918 F„
1699 869 1848 911 Sancti

445 942 464 955 ‘⁴
502 940 511 957 ‘
534 935 737 977 Nicholai
759 937 805 976 111
828 936 1006 977 Carcere
1028 936 1228 977 Tulliano
1251 936 1456 977 diaconus
1477 937 1720 986 cardinalis,
1743 951 1848 992 quos

501 1004 693 1044 ‘eisdem
725 1004 924 1058 partibus
956 1003 1184 1045 audituros
1206 1004 1502 1055 concessimus,
1538 1004 1622 1045 tibi
1653 1004 1734 1046 sub
1766 1006 1848 1061 sig-

502 1071 600 1111 ‘nis
631 1072 943 1112 transmittunt
960 1072 1138 1121 inclusa,
1161 1071 1332 1127 plenius
1364 1072 1594 1127 perspicies
1625 1073 1846 1115 contineri.

502 1139 693 1180 ‘Verum
731 1140 834 1193 quia
866 1140 918 1180 de
950 1139 1259 1180 assertionibus
1302 1140 1496 1195 partium
1526 1140 1643 1195 apud
1674 1145 1846 1196 aposto-

501 1214 508 1227 ‘
530 1207 658 1248 licam
686 1208 829 1249 sedem
859 1208 995 1248 facere
1021 1208 1184 1262 liquere
1210 1222 1298 1248 non
1324 1210 1508 1263 poterat,
1543 1222 1620 1249 nos
1652 1209 1847 1250 nolentes

501 1282 680 1316 ‘causas
722 1275 971 1330 hujusmodi
1020 1290 1094 1330 per
1127 1275 1450 1316 commissiones
1487 1278 1532 1316 et
1579 1276 1847 1318 remissiones

502 1344 676 1383 ‘Varias
708 1343 753 1383 111
789 1358 923 1398 grave
956 1342 1196 1384 Wintoniae
1228 1344 1414 1385 ecclesiae
1447 1343 1721 1399 dispendium
1752 1358 1847 1399 pro-

445 1416 467 1432 “
502 1417 510 1432 ‘
533 1411 686 1467 rogari,
720 1411 967 1452 discretioni
1000 1414 1090 1452 tuae
1122 1425 1198 1466 per
1228 1411 1464 1466 apostolica
1494 1411 1655 1467 scripta
1684 1411 1731 1452 in
1761 1411 1847 1453 vir-

502 1482 629 1519 ‘tute
673 1478 934 1520 obedientiae
982 1478 1178 1520 districte
1235 1478 1524 1534 praecipiendo
1573 1479 1840 1529 mandamus,

502 1550 748 1601 ‘quatenus
780 1547 909 1588 dictis
952 1546 1112 1587 libellis
1145 1550 1190 1588 et
1222 1547 1331 1587 actis
1363 1546 1598 1602 diligenter
1628 1547 1844 1602 inspectis,

502 1621 508 1635 ‘
532 1614 779 1669 hujusmodi
802 1614 979 1670 negotia
1010 1629 1114 1669 pace
1135 1614 1207 1655 vel
1229 1614 1466 1663 concordia,
1501 1614 1537 1655 si
1569 1614 1622 1655 (16
1654 1615 1844 1670 partium

503 1682 759 1723 ‘voluntate
796 1682 1060 1737 processerit,
1115 1682 1348 1723 terminare
1395 1696 1606 1736 procures,
1654 1681 1844 1737 alioquin

502 1756 510 1769 ‘
532 1764 609 1805 per
623 1749 780 1804 judicii
812 1750 1047 1799 tramitem,
1072 1764 1147 1790 seu
1179 1748 1285 1790 alias
1307 1763 1382 1804 per
1403 1749 1691 1804 provisionem
1717 1752 1846 1806 prout

504 1817 769 1858 ‘secundum
803 1816 945 1858 Deum
979 1817 1183 1872 expedire
1215 1816 1388 1865 videris,
1420 1831 1556 1871 usque
1588 1817 1644 1858 ad
1676 1821 1844 1859 senten·
1904 1856 1905 1860 ,

504 1892 510 1905 ‘
535 1885 641 1925 tiam
664 1886 710 1925 in
731 1885 917 1940 negotiis
940 1884 1043 1940 ipsis
1065 1885 1279 1939 procedas,
1303 1898 1546 1939 processum
1568 1886 1843 1940 postmodum

504 1957 659 1993 ‘tuum
705 1953 795 1993 sive
828 1967 976 1993 causas
1028 1951 1291 1993 sufficienter
1334 1952 1575 1995 instructus
1619 1953 1843 1994 remittens

503 2020 589 2060 ‘ad
620 2021 840 2075 praedictae
873 2020 985 2061 sedis
1007 2034 1203 2069 examen,
1238 2020 1502 2075 praefigendo
1524 2020 1726 2075 partibus
1758 2024 1842 2062 ter-

504 2094 512 2107 ‘
535 2088 703 2128 minum
725 2088 1063 2143 peremptorium
1086 2091 1416 2142 competentem,
1440 2101 1525 2142 quo
1547 2102 1591 2128 se
1613 2088 1842 2143 apostolico

505 2162 512 2175 ‘
536 2157 782 2210 conspectui
813 2159 1139 2211 repraesentent,
1167 2155 1334 2209 justam
1367 2156 1500 2197 dante
1532 2156 1722 2197 Domino
1753 2171 1844 2198 sen-

505 2229 513 2244 ‘
535 2224 720 2264 tentiam
751 2229 1000 2279 recepturae.
1064 2223 1255 2272 Proviso,
1279 2223 1394 2278 quod
1423 2223 1605 2278 praefato
1635 2225 1768 2279 priori
1800 2227 1842 2265 et

505 2298 512 2310 ‘
536 2291 757 2332 monachis
773 2291 1023 2346 hujusmodi
1044 2291 1220 2346 negotia
1240 2291 1613 2346 prosequentibus,
1636 2306 1842 2348 expensas

504 2364 513 2379 ‘
545 2359 601 2400 ad
630 2360 973 2414 prosecutionem
996 2359 1186 2414 ipsarum
1217 2359 1475 2400 necessarias
1496 2359 1549 2400 de
1580 2360 1704 2401 bonis
1736 2360 1842 2415 ejus-

449 2431 470 2446 “
506 2432 514 2445 ‘
538 2426 635 2467 dem
658 2426 845 2467 ecclesiae
866 2426 997 2467 facias
1019 2426 1227 2473 exhiberi,
1251 2429 1295 2467 et
1311 2440 1439 2481 super
1460 2426 1555 2467 aliis
1585 2427 1840 2483 sumptibus,

505 2500 514 2513 ‘
536 2494 612 2547 qui
643 2494 689 2534 in
710 2494 896 2549 negotiis
917 2494 1020 2549 ipsis
1052 2494 1287 2548 opportuni
1308 2494 1482 2544 fuerint,
1516 2495 1631 2549 quod
1653 2495 1705 2536 de
1735 2509 1840 2551 11196-

505 2568 512 2581 ‘
537 2561 662 2602 dictis
691 2561 815 2602 bonis
846 2561 956 2602 fiant
988 2576 996 2610 ;
1042 2561 1326 2602 nihilominus
1356 2562 1622 2617 providendo
1654 2563 1841 2605 concedi-

506 2636 631 2669 ‘mus
663 2642 835 2683 quoque
866 2629 963 2678 tibi,
996 2632 1048 2670 ut
1090 2629 1237 2669 omnia
1268 2629 1383 2670 bona
1415 2629 1532 2670 dicta
1563 2629 1750 2672 ecclesiae
1786 2629 1839 2671 ad

450 2702 471 2717 “
506 2696 678 2751 ‘ipsum
710 2700 975 2738 conventum
1007 2696 1260 2751 spectantia,
1283 2696 1373 2737 sive
1405 2701 1641 2751 antequam
1663 2697 1839 2754 incipias

450 2770 471 2784 “
506 2763 583 2804 ‘in
614 2764 801 2818 negotiis
822 2764 928 2819 ipsis
958 2764 1196 2819 procedere,
1219 2763 1310 2805 sive
1332 2768 1440 2819 post,
1474 2764 1510 2805 si
1541 2764 1740 2815 volueris,
1772 2763 1839 2806 vel

451 2838 472 2852 “
507 2837 515 2852 ‘
537 2830 619 2871 tibi
641 2831 864 2872 videbitur
895 2831 1112 2886 expedire,
1146 2831 1291 2873 valeas
1322 2834 1597 2885 sequestrare.
1662 2832 1838 2874 Contra-

1894 2506 1898 2627 Ι

1891 2632 1896 2844 ε

1888 3026 1891 3042 l

1888 3053 1891 3063 r

1887 3131 1889 3148 1
