1905 3180
656 244 889 278 lirisrolffl.
1384 237 1400 274 ]
1414 234 1468 277 313

76 372 237 415 clericis
278 372 500 414 vobiseum
543 371 776 413 moraturis
828 385 949 427 spero
1004 370 1218 411 Dominus
1271 369 1470 424 implebit

76 441 191 496 quod
232 440 464 496 cogitastis.
529 440 727 496 Propono
770 454 866 481 eum
904 439 949 479 in
983 438 1105 480 brevi
1141 437 1329 478 Domino
1376 452 1472 491 pro-

75 509 185 564 pitio
223 507 441 549 Oxoniam
475 507 642 549 rediero
679 506 880 555 velocius,
914 506 949 547 si
990 505 1071 547 hoc
1105 520 1170 546 res
1207 504 1468 560 expostulat,

74 591 169 631 quae
201 575 414 631 signanda
439 575 692 630 judicavero
725 578 881 616 vestra}
913 573 1099 615 seribere
1131 572 1429 614 dominationi.

136 643 374 685 Conservet
420 643 672 685 Altissimus
723 646 879 684 vestrae
926 640 1213 682 beatitudinis
1250 639 1474 681 incolumi-

75 714 212 753 tatem
254 711 300 751 in
335 711 508 753 Christo
550 711 656 752 Jesu
698 724 866 766 semper
909 712 953 750 et
989 708 1240 750 beatissima
1282 707 1472 762 Virgine.

77 779 243 820 Recessi
272 778 324 820 de
348 779 561 835 Radingis
595 779 678 821 iter
699 778 909 834 arripiens
936 791 1085 818 versus
1114 775 1353 823 Bromhale,
1378 789 1473 829 qua}

75 847 212 888 distat
253 862 279 887 a
321 846 653 900 NVyndeshovre
694 860 770 902 per
806 848 992 901 quatuor
1032 844 1232 894 miliaria,
1276 843 1344 884 die
1389 857 1474 897 qua

75 917 331 969 praesentem
377 914 570 956 litteram
625 913 786 955 tradidi
831 913 1022 963 cursori3
1054 912 1134 952 viz.
1178 912 1362 967 septimo
1404 911 1473 951 die

79 982 240 1023 Martii.
304 982 358 1022 In
381 985 592 1024 aeternum
614 981 766 1023 valete.

705 1187 866 1230 XLIX.

379 1296 573 1338 Domino
605 1296 862 1338 Lincolame
895 1296 1056 1338 Frater
1087 1296 1207 1338 Aila.

140 1401 317 1443 Summe
349 1402 612 1458 stupendum
644 1402 732 1443 sore
761 1402 952 1444 arbitror
980 1402 1107 1457 quod,
1135 1402 1247 1443 sieut
1270 1401 1315 1442 in
1347 1401 1476 1442 initio
1495 1417 1693 1450 Reflections

80 1468 238 1510 litterae
281 1473 437 1511 vestrae
484 1469 748 1519 insinuastis,
792 1469 918 1511 saetis
965 1470 1011 1510 in
1055 1473 1177 1511 statu
1219 1469 1476 1526 perditionis
1494 1463 1614 1538 ἳίῗῃὲξθ

80 1537 467 1592 perseverantibus,
497 1552 584 1578 non
618 1540 684 1579 est
715 1552 810 1593 spes
840 1537 1021 1593 alicujus
1053 1537 1372 1579 emendationis
1403 1552 1478 1593 per
1592 1531 1599 1538 ’

81 1604 224 1646 adhue
268 1607 545 1660 attemptata.
631 1605 747 1656 Quid
792 1605 909 1646 enim
940 1608 1078 1647 restat
1110 1608 1209 1661 post
1242 1620 1371 1660 quam
1404 1620 1480 1660 per

82 1672 373 1713 ministerium
418 1672 542 1714 verbi
587 1673 670 1714 Dei
715 1673 929 1715 divinitus
982 1673 1285 1720 exercitatum,
1328 1673 1364 1714 is
1406 1672 1481 1727 qui

81 1740 267 1795 attingit
311 1756 337 1781 a
384 1740 470 1781 fine
515 1755 651 1795 usque
695 1741 750 1781 ad
799 1742 928 1782 finem
967 1741 1151 1790 fortiter,
1197 1745 1242 1783 et
1289 1740 1482 1796 disponit

83 1807 230 1848 omnia
273 1808 477 1857 suaviter,
522 1808 718 1849 intonuit
750 1808 801 1849 de
848 1808 967 1858 coelo,
1001 1812 1046 1849 et
1077 1808 1328 1849 Altissimus
1360 1807 1482 1848 dedit

85 1889 233 1916 vocem
278 1890 411 1925 suam,
447 1875 554 1917 adeo
597 1879 648 1917 ut
693 1875 923 1931 impletum
969 1890 1057 1917 esse
1089 1876 1378 1932 conspiciatur
1408 1890 1483 1930 per

88 1942 314 1984 Christum
359 1943 551 1991 Domini,
600 1943 645 1984 in
689 1942 770 1984 hoe
801 1943 917 1984 tanti
950 1943 1210 1984 discriminis
1242 1957 1484 1998 congressu,

87 2010 201 2065 quod
234 2009 298 2051 ait
331 2010 412 2051 Dei
457 2010 673 2066 sapientia
720 2011 835 2066 [Sap.
869 2010 1044 2067 xviii.]:
1096 2011 1253 2052 “Dum
1297 2011 1488 2052 medium

91 2077 368 2118 “silentium
418 2078 662 2119 contineret
710 2078 866 2129 onmia,
912 2081 956 2119 et
1000 2092 1090 2120 nox
1139 2079 1186 2119 in
1238 2093 1314 2120 suo
1364 2093 1490 2120 eursu

91 2148 114 2166 “
147 2143 338 2186 medium
384 2145 469 2187 iter
510 2145 702 2195 haberet,
735 2146 1009 2201 omnipotens
1061 2161 1199 2187 sermo
1246 2150 1359 2193 tuus,
1404 2147 1491 2187 Do-

146 2212 273 2262 mine,
320 2213 503 2255 exiliens
557 2213 610 2254 de
663 2214 771 2255 eoelo
813 2230 839 2255 a
885 2214 1102 2270 regalibus
1149 2215 1321 2256 sedibus
1367 2215 1492 2256 venit

90 2286 111 2300 “
146 2279 280 2322 durus
312 2280 551 2322 debellator
589 2281 635 2322 in
679 2282 867 2323 mediam
899 2282 1150 2324 exterminii
1181 2286 1352 2332 terram,
1395 2297 1493 2338 pro·

92 2351 115 2369 “
147 2347 267 2389 siluit
302 2348 473 2404 gladius
521 2353 672 2390 acutus
719 2349 1047 2391 insimulatum¹
1097 2351 1327 2407 imperium
1367 2354 1493 2392 tuum

147 2418 336 2471 portans,
372 2420 416 2457 et
444 2420 565 2458 stans
597 2417 784 2473 replevit
815 2417 961 2460 omnia
991 2421 1142 2470 morte,
1176 2422 1221 2460 et
1261 2433 1396 2474 usque
1438 2418 1494 2459 ad

149 2483 307 2524 etelum
330 2484 581 2540 attingebat
602 2489 723 2526 stans
752 2485 798 2525 in
820 2489 947 2527 terra.
1004 2487 1124 2529 Tune
1146 2487 1354 2528 continuo
1376 2486 1494 2527 visus

147 2551 412 2592 somniorum
435 2552 646 2593 malorum
679 2553 970 2595 turbaverunt
1003 2554 1111 2606 illos,
1145 2559 1188 2596 et
1220 2556 1397 2596 timores
1426 2569 1493 2594 su-

150 2623 443 2673 pervenerunt
486 2620 710 2676 insperati,
744 2625 788 2663 et
825 2621 936 2662 alius
974 2622 1079 2663 alibi
1116 2622 1333 2678 projeetus
1370 2622 1493 2663 semi-

91 2216 114 2234 C<

90 2418 114 2437 ίι

93 2485 115 2504 (ι

93 2554 114 2571 (ι

93 2619 117 2639 ζ(

642 2834 648 2852 ’
664 2845 707 2876 yn
724 2835 862 2872 silatum,
888 2835 963 2868 MS.
