1905 3180
390 275 445 314 82
863 273 968 306 ADAE
1001 272 1062 304 DE
1092 270 1288 303 MAnisco

392 414 488 455 quae
518 396 648 438 dicit:
693 391 871 445 “Quod
911 391 1004 433 haec
1041 389 1131 431 sola
1164 391 1229 430 est
1261 386 1501 429 rectoribus
1543 385 1787 428 animarum

393 463 668 508 “reddenda
718 461 831 503 ratio
882 462 934 501 ut
985 458 1159 499 illorum
1211 455 1407 511 singulus
1456 454 1640 510 quisque
1686 455 1789 495 ante

393 539 417 560 ‘⁴
447 531 645 576 tribunal
690 528 934 586 judiciariae
985 524 1228 581 majestatis
1281 523 1421 565 dicere
1466 523 1612 564 valeat
1663 520 1792 562 confi-

396 609 418 626 “
453 602 664 644 ‘denterz
708 603 720 622 ‘
740 595 937 646 Domine,
975 600 1025 635 tu
1067 593 1148 635 scis
1190 591 1294 647 quia
1325 590 1426 632 flevi
1458 604 1555 632 cum
1592 589 1789 640 dicerem,

396 676 418 695 “
452 674 462 694 ‘
484 673 528 711 et
563 682 651 710 non
685 664 887 716 audirer,
923 665 975 705 tu
1015 661 1096 704 scis
1138 675 1235 716 quae
1279 659 1375 701 dixi
1406 658 1594 700 virtutes
1625 671 1793 699 annun-

396 744 417 762 “
451 743 461 761 ‘
483 735 660 786 tiandog
694 737 745 776 tu
779 732 858 774 scis
891 730 1007 786 quod
1038 744 1127 771 non
1157 727 1275 770 tacui
1306 727 1419 769 vitia
1465 725 1793 782 redarguend03

398 814 420 830 “
453 813 461 829 ‘
484 809 534 847 tu
575 804 656 846 scis
698 802 799 858 quia
834 800 937 841 flevi
973 813 1070 840 cum
1105 796 1289 838 dicerem
1322 799 1367 837 et
1407 809 1495 836 non
1528 794 1712 843 audirer,
1748 793 1794 833 in

398 880 420 898 “
454 881 461 896 ⁶
484 873 623 916 carnis
649 869 947 917 maceratione,
975 867 1021 907 in
1049 865 1186 908 cordis
1212 863 1552 920 compunctione,
1583 876 1680 904 cum
1705 861 1796 902 luc-

399 948 421 965 “
455 947 464 965 ‘
486 946 611 983 tuosa
654 941 899 980 sanctarum
941 948 1115 991 precum
1162 932 1367 989 jugitate,
1405 946 1473 972 me
1514 931 1657 987 ipsum
1698 929 1795 970 hos-

399 1018 421 1033 “
456 1010 605 1058 ‘tiam‚
655 1007 813 1055 vivam,
862 1006 1068 1055 sanctam,
1112 1002 1206 1044 Deo
1265 1000 1519 1057 placentem,
1567 1012 1645 1056 pro
1690 997 1794 1054 ipsis

401 1085 421 1101 “
456 1084 464 1100 ‘
487 1074 731 1119 offerendo.'
754 1073 775 1089 '²

458 1147 620 1187 Vereor
647 1158 715 1185 me
743 1141 948 1199 piissimis
977 1139 1157 1181 auribus
1189 1151 1405 1179 sermones
1432 1136 1705 1192 importunos
1733 1134 1798 1175 in-

399 1214 606 1271 gessisse3
640 1211 712 1254 sed
749 1210 922 1252 obsecro
953 1208 1144 1263 benigna
1176 1206 1371 1263 ignoscat
1407 1203 1648 1246 dominatio
1681 1202 1796 1259 quod

401 1283 560 1324 devota
592 1278 869 1336 prsesumpsit
902 1276 1084 1318 affectio.

462 1350 752 1392 Conservetur
795 1344 1085 1387 beatitudinis
1128 1346 1286 1385 vestrae
1335 1340 1633 1383 desiderabilis
1685 1339 1800 1380 inco-

401 1418 580 1462 lumitas
611 1416 658 1457 in
691 1414 867 1458 Christo
896 1413 926 1456 J
930 1427 1004 1455 esu
1030 1426 1198 1468 semper
1227 1414 1272 1454 et
1302 1410 1554 1452 beatissima
1586 1407 1777 1463 Virgine.

1073 1603 1133 1645 ΙΙ.

492 1731 880 1775 ΕΘυσνθῃ(.Ζνᾷ83’ῖῆηο
922 1730 1021 1773 viro
1066 1730 1333 1772 (scmmmrioe
1374 1727 1723 1784 Arclcficpz'soopo

942 1799 1103 1841 Frater
1142 1798 1260 1841 Adeo.

186 1929 383 1963 Commentis
466 1910 562 1952 Etsi
610 1910 860 1952 reverenda}
902 1909 1213 1951 dominationis
1250 1907 1538 1950 consideratio
1581 1907 1807 1950 modicita-

183 1975 302 2050 tothin}
318 1976 374 2006 the
408 1981 496 2020 tem
532 1992 672 2019 meam
716 1977 771 2018 ab
802 1977 1120 2032 interpellando
1156 1980 1410 2028 revocasset,
1445 1976 1627 2018 eandem
1658 1980 1807 2018 tamen

183 2024 248 2103 {gf
263 2030 300 2094 gf
312 2020 367 2051 the
409 2047 623 2088 animavit
660 2046 715 2086 ad
757 2045 1127 2102 interpellandum
1162 2045 1364 2101 benignae
1404 2044 1686 2101 paternitatis
1727 2044 1807 2086 cle-

186 2108 382 2139 Woreester.
409 2114 584 2156 mentia.
668 2113 857 2155 Proinde
898 2128 995 2155 cum
1037 2114 1084 2154 in
1124 2113 1455 2155 necessitatibus
1501 2112 1806 2164 ecclesiasticis,

410 2182 533 2224 velut
582 2181 636 2224 ad
685 2182 903 2237 singulare
943 2181 1172 2238 refugium,
1216 2182 1272 2223 ad
1315 2184 1472 2224 vestrae
1514 2182 1693 2238 pietatis
1734 2195 1808 2237 pa-

412 2249 648 2291 trocinium
684 2249 992 2290 recurrendum
1036 2249 1126 2291 fore
1174 2250 1464 2305 dignoscatur,
1509 2249 1587 2292 ubi
1627 2249 1808 2292 Virtutis

412 2318 673 2359 auctoritate
745 2317 1045 2372 reprimuntur
1107 2317 1304 2370 violenti,
1366 2317 1569 2359 veritatis
1630 2317 1807 2359 consilio

409 2385 668 2426 refelluntur
739 2384 1017 2436 fraudulenti,
1084 2385 1261 2440 pietatis
1323 2385 1414 2427 zelo
1480 2385 1808 2428 confunduntur

411 2453 630 2510 1naligni3
692 2452 986 2495 venerabilem
1044 2455 1214 2508 patrem
1261 2452 1487 2494 dominum
1539 2451 1805 2509 WVigorniae¹

412 2535 539 2575 quem
571 2520 831 2562 multimoda
863 2520 1117 2562 meritorum
1148 2521 1386 2562 eminentia
1417 2535 1505 2563 non
1536 2521 1810 2563 mediocriter

413 2588 559 2630 reddit
600 2588 1000 2642 commendabilem,
1044 2588 1099 2631 ob
1149 2588 1448 2646 periclitantes
1493 2589 1679 2632 ecclesiae
1720 2603 1809 2632 suae

461 2787 468 2804 ¹
494 2785 664 2827 Probably
723 2786 779 2818 the
841 2786 1090 2818 noble-minded
1136 2788 1202 2819 like
1233 2788 1289 2820 the
1314 2788 1427 2822 writer
1460 2799 1478 2821 a
1513 2789 1664 2831 partizan
1687 2790 1726 2822 of
1757 2789 1810 2822 De

417 2837 546 2869 WValter
586 2839 626 2869 de
665 2838 853 2879 Canfiloup,
893 2839 1017 2880 Bishop
1056 2840 1096 2870 of
1136 2840 1307 2873 Montfort.

417 2890 618 2931 worcester,
646 2890 734 2923 A.D.
768 2893 987 2931 1237-12663
1027 2893 1091 2924 and
