1905 3180
639 249 878 279 EPISTOLAE.
1368 240 1452 280 393

63 380 172 422 saepe
212 363 432 420 promissa,
479 376 556 403 nec
597 362 794 402 exhibita
835 361 991 402 saltem
1025 362 1204 402 tardius.
1280 363 1453 403 Faciem

63 437 194 481 muto,
244 430 360 485 quod
417 429 639 484 compellit
680 444 809 470 amor.
885 428 1039 483 Nuper
1084 429 1193 470 mihi
1240 430 1291 470 de
1333 431 1453 471 curia

62 501 256 542 Romana
288 497 472 538 allatum
504 499 570 537 est
591 496 856 550 Apostolicze
890 496 1013 536 Sedis
1045 496 1333 552 privilegium,
1376 513 1453 552 pro

61 582 144 624 quo
180 566 374 606 laborare
406 564 473 605 sui
513 564 659 618 gratia
688 563 830 604 voluit
862 563 1186 604 amantissimus
1228 565 1361 606 frater
1397 565 1452 616 «1.,

61 633 223 677 domini
272 647 398 688 papae
434 631 629 681 nuntius,
677 645 804 685 quem
836 645 952 685 rogo,
988 630 1024 670 si
1055 631 1209 685 placet,
1254 646 1307 671 ex
1349 633 1454 672 inti-

58 703 140 744 mis
176 699 471 742 affectualium
503 698 717 739 viscerum
749 697 948 738 medullis
981 697 1186 752 obsequio
1223 699 1309 738 mei
1341 699 1455 739 salu-

57 770 168 812 tetis.
221 767 431 810 Salutetis
453 766 586 808 etiam
607 780 662 806 ex
685 765 861 806 nomine
884 779 990 819 quos
1013 765 1266 805 salutandos
1282 766 1454 819 judica-

0 840 1 878 }
55 836 207 878 veritis
250 838 416 876 vestros
459 835 506 874 in
545 833 720 876 Christo
763 833 1025 883 secretarios,
1068 833 1305 873 eorundem
1358 848 1453 874 ora-

0 893 1 899 *
56 903 248 946 tionibus
290 917 432 943 meam
468 901 868 943 recommendantes
910 900 1271 941 insufficientiam.

700 1073 942 1116 COXXVI.

255 1181 391 1224 Patra
425 1181 600 1223 Tlcoo‘nce
630 1180 683 1222 de
714 1180 909 1222 Eborccco
940 1181 1102 1223 Frater
1132 1182 1249 1224 Aduo.

108 1284 291 1340 Propter
319 1286 468 1324 sancta
499 1282 683 1323 vulnera
715 1281 809 1332 Dei,
835 1285 878 1322 et
899 1285 1075 1337 propter
1104 1283 1226 1338 pium
1256 1298 1448 1325 cruorem
1468 1298 1525 1330 An
1546 1308 1673 1334 earnest

53 1352 156 1394 Filii
198 1352 292 1401 Dei,
341 1351 417 1391 illa
458 1350 654 1399 tolerata,
690 1350 806 1390 hunc
839 1350 1023 1390 effusum
1055 1365 1081 1390 a
1128 1350 1242 1391 Filio
1284 1351 1368 1392 Dei
1396 1352 1448 1392 li·
1466 1345 1645 1418 ffiffisstoif?

51 1419 252 1462 berandis
289 1418 529 1468 animabus,
572 1415 784 1472 regnum¹
830 1417 913 1458 Dei
946 1418 1151 1473 suscipite
1184 1433 1367 1468 causam,
1398 1423 1448 1461 ut
1466 1440 1528 1462 one
1545 1432 1630 1465 Wil-

2 1482 3 1486 ¹
51 1487 276 1530 valueritis
308 1490 352 1528 et
388 1485 597 1534 videritis,
632 1488 785 1526 contra
826 1492 917 1526 tam
954 1486 1094 1526 diram
1126 1485 1447 1528 immanitatem
1466 1476 1591 1554 1ῙῖἰῖῙέῐᾶ

2 1583 4 1586 >
54 1555 293 1597 satellitum
316 1553 493 1595 Diaboli
518 1552 653 1594 laturi
675 1552 937 1607 praesidium,
960 1556 1092 1608 prout
1113 1553 1330 1595 divinitus
1352 1569 1451 1596 con·
1466 1531 1486 1562 p
1538 1546 1549 1553 „
1570 1547 1576 1554 ’

49 1622 233 1672 cedetur,
251 1622 346 1663 viro
364 1620 709 1669 commendabili,
728 1620 905 1661 domino
924 1620 1160 1663 Willielmo
1180 1622 1448 1677 presbytero,

0 1710 1 1716 ¹
48 1690 177 1732 latori
207 1689 498 1745 praesentium,
527 1688 603 1742 qui
635 1691 699 1729 est
731 1702 844 1729 unus
877 1688 930 1729 de
959 1689 1234 1743 praesentatis
1262 1691 1450 1733 dominae

3 1790 5 1803 ‚
51 1758 211 1814 reginae
243 1757 299 1798 ad
329 1756 526 1797 ecclesias
559 1756 610 1796 de
643 1755 802 1809 quibus
834 1755 1032 1806 audistis,
1063 1759 1108 1797 et
1137 1757 1193 1798 ad
1224 1758 1316 1812 ejus
1342 1773 1450 1813 prae-

51 1825 339 1867 sentationem
370 1824 417 1864 in
448 1823 553 1878 ipsa,
586 1823 643 1864 ad
679 1837 809 1877 quam
841 1827 1135 1878 praesentatus
1162 1828 1240 1875 est,
1272 1825 1449 1867 ecclesia

49 1907 125 1949 per
155 1893 380 1935 dominum
413 1891 649 1946 Elyensem
690 1889 956 1931 institutus?
1031 1891 1150 1932 Bene
1181 1892 1355 1944 fecistis,
1389 1893 1446 1934 sit

47 1960 312 2017 benignitati
346 1962 503 2000 vestrae
546 1958 651 1999 boni
694 1958 777 1998 Dei
808 1958 1039 2000 benedicta
1081 1959 1327 2010 retributio,
1371 1961 1447 2014 qui

1 2024 5 2087 ζ
49 2043 126 2084 pro
175 2031 300 2084 patre
359 2026 597 2068 secundum
654 2040 827 2067 carnem
889 2026 1037 2067 dilecti
1092 2026 1241 2068 fratris
1298 2027 1339 2069 J.
1393 2028 1445 2070 de

1 2094 3 2114 ³
50 2095 277 2137 Beverlaco
308 2095 356 2135 in
387 2094 563 2149 negotio
600 2107 689 2135 suae
735 2093 889 2134 salutis
920 2096 1013 2134 tam
1055 2094 1300 2135 consultum
1332 2095 1446 2151 vigi-

5 2153 6 2164 *
46 2163 195 2205 lantiae
236 2162 376 2203 fidelis
422 2160 704 2215 adjutorium,
758 2175 927 2202 necnon
970 2165 1015 2202 et
1046 2161 1093 2202 in
1131 2163 1296 2203 caeteris
1337 2178 1445 2219 pree-

2 2242 7 2277 ’,
48 2231 194 2272 sertim
238 2230 294 2271 ad
339 2230 524 2271 salutem
566 2229 811 2269 animarum
853 2228 1188 2284 pertinentibus,
1233 2234 1324 2271 tam
1369 2245 1445 2272 ex-

49 2298 207 2353 quisita
238 2297 618 2352 circumspectione
647 2296 852 2337 exhibere
880 2297 1092 2338 voluistis,
1157 2298 1255 2338 Etsi
1287 2299 1444 2354 inclyti
1464 2310 1534 2343 The
1551 2312 1645 2354 King

48 2366 214 2407 comitis
262 2365 520 2420 Leycestriae
566 2378 705 2405 causae
745 2379 909 2419 graves,
963 2368 1140 2420 propter
1185 2368 1278 2406 tam
1319 2367 1444 2408 Varia
1460 2355 1666 2435 {sffffffiisssusshe

7 2422 8 2431 ¹
45 2435 269 2474 tantarum
320 2432 649 2488 malignitatum
700 2432 938 2483 molimina,
990 2432 1108 2473 inter
1148 2432 1442 2476 formidando·
1460 2420 1593 2476 Ifzsrlof

47 2514 143 2540 rum
177 2500 472 2541 discriminum
506 2500 718 2554 ancipites
752 2504 938 2541 eventus
966 2500 1155 2555 pendere
1191 2487 1662 2572 11111611111111,ἓξῖξθᾶῑὲἒὲῃ

47 2569 193 2609 tamen
234 2569 533 2609 indubitatam
575 2568 780 2608 fiduciam
821 2571 999 2623 praestat
1031 2583 1216 2623 superna
1257 2570 1440 2611 clemen·
1457 2578 1523 2623 and
1538 2578 1593 2610 the

1458 2623 1618 2654 Countess

90 2740 180 2772 ¹Sie.
778 2744 860 2771 1229
893 2746 926 2772 to
953 2744 1046 2773 1254.
1095 2742 1175 2773 Mat.
1200 2743 1295 2773 Paris
1332 2744 1438 2775 extols

91 2792 103 2810 ²
118 2792 218 2834 Hugo
233 2793 399 2831 Nox-wohl,
415 2793 574 2833 formerly
591 2792 707 2823 Abbot
774 2793 826 2823 his
872 2793 962 2833 piety
993 2794 1057 2824 and
1088 2794 1314 2826 munificence.
1376 2796 1436 2826 See

50 2843 87 2875 of
105 2844 150 2876 St.
180 2845 447 2887 Edmundsbury‚
472 2845 596 2884 Bishop
620 2845 706 2875 from
775 2845 958 2877 Grostete's
975 2845 1114 2884 Letters,
1131 2846 1192 2886 Ep.
1211 2849 1261 2877 96.
