1905 3180
191 2129 225 2161 Is
236 2130 403 2171 delighted

192 2174 265 2205 that
280 2175 336 2205 the

192 2218 286 2259 King
303 2228 359 2259 ap-

192 2271 287 2301 pears
299 2272 390 2294 more

192 2306 384 2338 favourable

191 2354 225 2380 to
241 2350 296 2380 the
313 2350 351 2382 E.
365 2350 404 2382 of

191 2392 364 2426 Leieester.

426 234 510 280 178
900 245 1006 276 ADAE
1038 245 1099 276 DE
1128 244 1326 276 MAR1sco

419 361 571 403 ralitas
623 360 824 402 latissimi
866 361 1005 402 cordis
1060 360 1363 401 benevolentis
1403 359 1474 402 vel
1515 360 1673 402 leviter
1715 360 1824 402 insi-

422 433 603 471 nuatam
649 432 834 484 paterna
879 428 1172 471 sollicitudine
1215 427 1391 469 filialem
1433 429 1736 470 necessitatem
1777 429 1825 470 in

421 513 465 539 se
497 497 730 540 transferre
754 513 844 539 non
876 497 1059 546 desistit,
1093 496 1213 537 aiens
1258 511 1355 538 cum
1397 496 1593 552 apostolo
1621 513 1629 538 z
1678 500 1700 519 ‘⁶
1718 496 1827 549 Quis

422 572 443 589 “
474 565 763 618 infi1·matur,”
795 569 871 608 etc.
938 564 1230 616 Quamobrem
1262 564 1401 606 sciens
1432 565 1501 606 cui
1537 564 1701 620 loquor,
1734 579 1826 606 suc-

421 635 547 691 cingo
588 648 838 683 sermonem,
873 647 969 674 cum
1012 631 1195 688 praefato
1244 632 1493 674 sanctitatis
1534 635 1693 675 vestrae
1733 632 1825 674 filio

421 704 539 759 piam
570 703 884 759 paternitatem
916 703 1110 742 vestram
1142 714 1306 756 pronus
1339 700 1577 750 obsecrans,
1609 703 1824 756 quatenus

420 772 474 813 ob
508 771 652 827 Ipsius
683 769 1103 825 contemplationem,
1140 769 1215 824 qui
1248 771 1346 824 post
1373 771 1730 824 quantoscunque
1752 782 1826 810 ex-

421 854 559 881 cessus
624 839 966 894 quotiescunque
1023 838 1205 879 iteratos
1260 836 1577 892 regredientem
1634 836 1824 878 animam

420 909 537 949 intra
585 907 923 963 superbenignos
969 906 1089 947 sinus
1153 905 1385 946 clementer
1426 904 1668 954 admissuri,
1709 908 1731 926 ‘⁶
1746 904 1823 954 Tu,

420 974 618 1027 anima,''¹
654 975 809 1030 inquit,
849 973 1097 1015 “fornicata
1134 988 1176 1015 es
1214 987 1310 1014 cum
1345 972 1614 1014 amatoribus
1647 973 1824 1024 multis;

423 1048 445 1066 “
476 1047 625 1085 tamen
656 1046 872 1084 revertere
914 1042 969 1083 ad
1011 1056 1090 1092 me,
1135 1041 1242 1082 dicit
1277 1041 1506 1093 Dominus,
1545 1044 1590 1082 et
1623 1055 1701 1097 ego
1734 1056 1823 1083 sus-

421 1116 446 1135 “
477 1111 621 1167 cipio‘2
654 1110 735 1161 te,'’
798 1111 1003 1152 devotam
1049 1109 1312 1166 evangelicae
1348 1109 1481 1165 prolis
1512 1109 1822 1165 poenitentiam

419 1185 463 1222 et
504 1179 840 1221 misericorditer
882 1178 1108 1234 suscipere,
1160 1181 1204 1219 et
1251 1178 1472 1234 sapienter
1525 1177 1725 1234 dirigere,
1777 1180 1822 1220 et

420 1250 653 1304 dignanter
683 1247 959 1290 reconciliare
991 1245 1149 1288 velitis.

480 1315 711 1358 Custodiat
743 1315 869 1357 vobis
905 1329 991 1363 oro,
1024 1317 1150 1370 pater
1192 1313 1568 1364 desideratissime,
1602 1316 1646 1355 et
1681 1313 1822 1355 virtu-

417 1387 506 1425 tem
547 1384 767 1432 invictam,
812 1386 856 1423 et
899 1382 1170 1437 indeceptam
1212 1382 1504 1437 prudentiam,
1549 1384 1593 1423 et
1635 1381 1823 1423 irremis-

417 1452 585 1494 sibilem
634 1451 920 1506 diligentiam,
974 1450 1030 1491 ad
1080 1451 1254 1491 beatam
1317 1450 1469 1491 salutis
1513 1450 1820 1505 operationem,

417 1520 669 1562 benedictus
711 1518 912 1560 Salvator
954 1518 1140 1559 ecclesiae
1178 1533 1266 1559 suae
1308 1521 1468 1561 sanctae
1505 1532 1581 1574 per
1621 1521 1819 1574 tempora

414 1588 611 1644 longiora
641 1587 809 1629 meritis
840 1585 1102 1629 beatissimae
1135 1585 1344 1642 Virginis.

1025 1802 1212 1844 LXXII.

417 1928 617 1972 Domino
668 1927 910 1984 Wigsorm'oe
940 1928 1102 1970 Frater
1145 1926 1254 1969 Adeo
1298 1941 1403 1969 cum
1432 1926 1565 1983 felici
1610 1927 1818 1971 caritatis

612 1996 933 2039 commszz'one
965 1996 1138 2039 beatam
1170 1994 1374 2038 veritatis
1405 1994 1636 2038 visionem.

482 2121 624 2172 Quam
655 2120 832 2161 sereno‘2
869 2120 922 2161 de
959 2120 1125 2161 excelso
1158 2119 1334 2175 respicit
1365 2118 1602 2160 altissimus
1633 2118 1819 2162 Amator

419 2189 719 2231 universorum
771 2188 1027 2229 indefessam
1072 2187 1153 2229 lati
1202 2187 1340 2228 cordis
1385 2187 1638 2239 amicitiam,
1684 2203 1815 2243 quam

416 2271 641 2312 nunquam
692 2256 915 2311 experitur
967 2255 1165 2297 fatiscere
1218 2269 1415 2296 amorum
1481 2254 1635 2296 saltem
1686 2256 1816 2297 intel-

415 2325 529 2367 lecta
569 2324 812 2371 necessitas,
858 2323 1068 2365 indicium
1115 2326 1181 2364 est
1222 2322 1411 2378 profecto
1454 2322 1570 2378 quod
1606 2323 1653 2363 in
1694 2338 1816 2364 men·

414 2393 473 2435 tis
504 2392 662 2434 habit-u
692 2392 858 2447 jugiter
888 2391 965 2431 illa
995 2391 1131 2439 vivat,
1176 2390 1229 2431 de
1261 2405 1348 2445 qua
1378 2390 1556 2444 loquens
1584 2390 1815 2446 singularis

413 2461 486 2502 ille
539 2460 700 2501 amicus
751 2458 957 2509 fidelium,
1005 2462 1028 2480 ‘⁶
1051 2457 1301 2511 Majorein,”
1342 2457 1497 2511 inquit,
1548 2458 1815 2500 “caritatem

415 2536 435 2550 ‘⁶
468 2543 592 2570 nemo
618 2526 789 2578 habet,''
822 2529 897 2567 etc.
950 2526 1184 2567 Benedicta
1213 2525 1474 2566 Divinitatis
1502 2527 1666 2566 aeterna
1690 2526 1814 2568 mise-

412 2597 533 2645 ratio,
587 2595 774 2636 suboriri
824 2594 1001 2635 videtur
1055 2593 1171 2648 apud
1223 2592 1448 2634 dominum
1500 2607 1644 2648 regem
1689 2594 1812 2648 quasi

411 2679 526 2705 nova
550 2664 628 2704 lux
655 2661 991 2718 dispensationis
1021 2661 1181 2703 coelica}
1210 2660 1257 2701 in
1284 2660 1473 2716 negotiis
1498 2661 1669 2702 comitis
1701 2661 1813 2717 Ley-

754 2870 761 2887 ¹
780 2870 820 2903 (τ’.
840 2867 913 2899 MS.
1316 2866 1328 2883 ‘·'
1344 2864 1408 2895 Sic.
