1905 3180
404 255 487 294 100
881 261 986 292 ΑΒΕ
1020 260 1081 290 DE
1112 259 1310 291 MAmsco

398 378 718 420 disertitudinis
764 377 1115 427 insinuationem,
1162 376 1268 417 certi
1315 390 1490 416 suarum
1535 375 1797 431 petitionum

398 446 586 497 articuli,
609 446 689 487 sub
715 460 766 487 ea
795 460 891 500 quae
923 445 1017 486 fieri
1045 444 1208 500 poterit
1237 444 1524 499 expressionis
1551 443 1795 491 luculentia,

400 515 490 555 sine
528 511 691 556 morae5
723 513 963 569 dispendio,
987 527 1081 554 cum
1117 512 1284 567 optima
1320 511 1702 568 circumspectione
1724 526 1797 566 pa—

397 582 622 624 ternitatis
652 585 811 624 vestrae
844 581 1000 637 pietati
1030 581 1321 636 porrigantur.

457 649 626 706 Nempe
651 649 836 705 praefata
863 648 1124 690 scholarium
1146 648 1328 689 societas
1357 663 1524 704 semper
1550 648 1641 689 zelo
1679 662 1799 689 sanc-

397 719 508 760 tiore
565 717 877 773 prosequenda,
939 716 1050 758 sicut
1113 716 1354 758 clementia}
1425 719 1583 758 vestrae
1645 716 1799 757 melius

397 787 522 828 novit
566 786 794 835 industria,
832 785 967 840 juxta
1013 785 1130 840 quod
1167 785 1307 826 eidem
1346 784 1585 826 sollicitiori
1622 799 1798 826 suasum

397 859 463 896 est
521 853 748 896 conamine
815 853 990 909 plenam
1043 853 1089 894 in
1142 852 1371 894 Salvatore
1433 856 1629 908 reportat
1686 852 1800 893 fidu-

397 923 519 971 ciam,
579 922 695 978 quod
753 936 829 977 per
887 920 1138 963 sanctitatis
1209 924 1368 962 vestr-ae
1440 921 1676 962 salutarem
1732 935 1801 962 sa-

395 990 607 1046 pientiam
649 990 780 1031 salvis
823 989 1009 1031 ecclesiae
1056 989 1135 1038 cui,
1184 992 1360 1030 auctore
1405 989 1510 1040 Deo,
1556 989 1800 1044 praesidetis

396 1073 471 1114 per
524 1059 667 1099 omnia
719 1057 1023 1113 dignitatibus,
1072 1056 1463 1112 jurisdictionibus,
1507 1056 1799 1108 libertatibus,

397 1127 452 1168 ad
483 1126 668 1182 gloriam
700 1125 930 1177 Alffissimi,
969 1125 1024 1166 ad
1062 1124 1412 1166 emendationem
1444 1125 1557 1176 cleri,
1590 1124 1646 1165 ad
1687 1124 1802 1165 salu-

395 1199 484 1236 tem
526 1194 687 1250 populi,
730 1197 774 1235 et
827 1193 991 1244 honori,
1027 1196 1071 1234 et
1113 1192 1354 1243 directioni,
1398 1195 1442 1233 et
1483 1192 1800 1247 tranquillitati

396 1262 534 1303 totius
577 1261 841 1303 scholasticae
894 1261 1183 1316 professionis,
1238 1261 1382 1315 quoad
1425 1260 1663 1303 divinitate
1704 1275 1800 1317 pro-

396 1330 507 1386 pitia
538 1332 685 1371 vestra
716 1329 930 1384 supererit
964 1328 1205 1380 beatitudo,
1237 1327 1549 1385 providebitur.

457 1397 566 1438 Ecce
608 1411 750 1438 coram
792 1396 983 1452 benigna
1024 1400 1182 1438 vestrae
1225 1396 1494 1452 dignationis
1543 1395 1800 1438 excellentia

398 1469 441 1507 et
502 1465 657 1506 rubore
709 1464 860 1505 vultus
921 1464 1203 1515 suffunditur,
1270 1468 1313 1505 et
1384 1464 1667 1506 confunditur
1729 1478 1801 1506 cor

397 1533 708 1583 maaestitudine,
767 1546 864 1572 cum
923 1531 1023 1573 licet
1079 1532 1381 1573 homuncionis
1427 1533 1609 1588 indigni,
1652 1537 1800 1574 tamen

398 1601 545 1643 devoti
579 1601 752 1651 servuli,
793 1599 1117 1654 qualiscumque
1158 1600 1409 1641 sedulitatis
1457 1601 1669 1642 instantia
1711 1615 1801 1642 non

398 1672 584 1711 curatur.
679 1668 840 1719 Liceat,
889 1682 975 1719 oro,
1034 1682 1130 1709 cum
1179 1668 1308 1709 venia
1349 1669 1409 1710 sic
1454 1669 1643 1720 dixisse3
1690 1669 1800 1711 libet

397 1740 510 1778 certe
546 1740 597 1777 ut
630 1736 689 1777 sic
733 1735 945 1777 noveritis
977 1739 1021 1777 et
1053 1736 1283 1777 volueritis
1317 1739 1474 1792 agatur
1505 1737 1551 1777 in
1584 1737 1799 1779 omnibus.

473 1804 583 1846 Cum
647 1808 814 1858 quanta
869 1818 1043 1858 possum
1099 1803 1362 1845 humilitatis
1415 1804 1642 1846 affectione
1696 1820 1799 1861 rogo

397 1876 448 1913 ut
489 1872 700 1927 magistro
744 1871 973 1927 Radulpho
1016 1871 1069 1912 de
1107 1871 1459 1927 Simplingham,¹
1495 1872 1564 1913 cui
1611 1872 1797 1914 officium

396 1940 598 1996 regendae
622 1939 970 1995 congregationis
1003 1939 1265 1980 scholarium
1288 1940 1605 1982 Oxoniensium
1633 1940 1798 1982 dudum

397 2008 639 2059 comisistis,
695 2007 906 2062 dignitati
968 2010 1138 2058 vestrae,
1186 2007 1297 2050 sicut
1358 2011 1403 2050 et
1459 2012 1645 2060 tenetur,
1701 2009 1800 2051 obe-

397 2075 595 2117 dientiali
651 2075 886 2116 devotione
944 2075 1149 2130 subjecto,
1209 2074 1316 2117 nec²
1368 2076 1646 2131 aliquatenus
1701 2092 1800 2119 con-

396 2143 605 2185 sentienti
646 2142 814 2199 aliquid
855 2146 1077 2198 acceptare
1129 2146 1209 2184 aut
1259 2144 1471 2200 prosequi,
1515 2145 1631 2200 quod
1678 2145 1798 2186 celsi-

396 2211 543 2252 tudini
597 2213 754 2252 vestrae
797 2210 944 2252 cedere
996 2210 1142 2251 valeat
1194 2211 1241 2252 in
1287 2211 1607 2267 displicentiam
1648 2213 1795 2262 vestri,

397 2279 489 2319 sine
541 2277 830 2330 cunctatione,
883 2281 936 2318 ut
987 2278 1151 2329 asserit,
1207 2278 1253 2319 in
1306 2279 1472 2321 cunctis
1529 2279 1799 2336 obtempera-

396 2351 497 2387 turo
559 2345 793 2396 mandatis,
850 2348 996 2387 motus
1049 2345 1197 2397 animi,
1254 2346 1289 2387 si
1343 2361 1398 2387 ex
1458 2347 1678 2402 aliquibus
1732 2362 1798 2389 oc—

396 2414 641 2456 casionibus
694 2416 845 2454 contra
897 2413 1042 2467 ipsum
1098 2416 1202 2455 sunt
1257 2414 1464 2470 concepti,
1511 2415 1566 2456 ob
1609 2418 1798 2456 contem-

395 2481 634 2536 plationem
693 2480 879 2523 coelestis
951 2481 1205 2533 clementiae,
1280 2481 1512 2524 clementer
1575 2483 1797 2525 remittere

397 2549 648 2604 dignemini.
713 2548 848 2605 Signo
885 2548 960 2589 illo
998 2549 1114 2604 quod
1152 2548 1339 2591 dicitur3
1370 2549 1674 2592 universitatis
1707 2551 1796 2592 Ox-

396 2617 521 2668 oniae‚
566 2631 651 2671 quo
695 2616 741 2657 in
794 2615 1077 2672 simplicitate
1120 2631 1199 2658 sua
1240 2617 1353 2659 sicut
1390 2620 1434 2659 et
1474 2617 1618 2673 plures
1672 2622 1795 2660 ante-

444 2787 451 2804 ¹
469 2785 551 2816 Ralf
562 2785 601 2816 de
619 2784 885 2826 Sempringham,
897 2784 940 2817 V.
953 2784 1063 2817 Chan-
1154 2788 1166 2805 ²
1184 2777 1214 2826 ἦ,
1231 2786 1304 2818 MS.

400 2838 501 2870 cellor
516 2837 554 2868 of
572 2837 626 2869 the
644 2837 850 2879 Universsty,
868 2837 901 2868 in
921 2840 1014 2869 1252.
1153 2859 1165 2876 ³
1183 2852 1244 2895 dr,
1261 2856 1333 2888 MS·
