1905 3180
606 240 842 272 1111181011.
958 246 959 249 “
1338 231 1418 272 221

28 356 171 397 situdo
194 369 280 396 non
295 355 493 405 concitat,
512 355 585 395 sed
607 356 878 397 commendat
895 370 991 397 vcra
1015 355 1113 396 coeli
1127 356 1421 403 consideratio,

28 423 235 465 redivivis
274 422 518 463 liberalium
563 423 867 464 beneficiorum
909 422 1056 464 officiis
1094 425 1294 479 prosequi
1337 439 1424 465 non

30 491 206 532 desistit.
272 490 416 545 Igitur
453 490 526 538 illi,
565 490 615 531 de
648 506 732 545 qua
762 491 881 540 mihi,
920 492 1118 545 quamvis
1152 491 1243 532 sine
1286 506 1422 540 causa,

30 558 268 614 spiritualis
300 558 583 599 nihilominus
615 563 817 613 concepta
849 562 914 600 est
935 559 1103 609 fiducia,
1128 563 1283 600 vestrm
1315 575 1425 601 sere-

28 626 180 668 nitatis
201 626 390 681 supplico
413 626 739 677 benevolentiae,
763 641 919 681 rogans
941 626 1175 675 humiliter,
1205 641 1291 682 qua
1318 627 1425 668 illud

28 694 220 735 caritatis
261 694 495 749 negotium,
529 694 644 749 quod
680 708 755 749 per
796 694 999 735 dilectum
1047 693 1156 734 mihi
1207 727 1215 735 .
1268 727 1277 737 .
1331 726 1341 736 .
1394 694 1421 735 ‚¹

27 762 138 803 sicut
179 762 270 816 ipso
315 761 525 803 referente
570 762 708 810 didici,
744 764 833 803 tam
877 761 1077 803 clementi
1108 762 1242 803 vestri
1286 762 1427 817 gratia

29 844 166 885 nuper
196 829 440 885 suscepistis
482 829 696 887 affectum,
731 833 945 884 quatenus
999 829 1291 871 misericordia
1339 844 1426 871 non

31 897 241 938 deseritur
272 901 315 938 et
351 897 595 938 adhaeretur
631 897 818 946 veritati,
848 897 1035 953 gratioso
1088 898 1225 939 seduli
1267 898 1428 939 favoris

29 965 265 1020 patrocinio
297 965 482 1006 libenter
513 980 764 1020 promovere
796 979 883 1006 non
915 965 1081 1006 ducatis
1114 966 1353 1021 indignum.

91 1033 245 1074 Valeat
276 1037 430 1075 vestrm
463 1033 707 1074 sanctitatis
738 1033 1010 1074 incolumitas
1047 1034 1093 1074 in
1118 1033 1290 1075 Christo
1323 1049 1432 1075 sem-

31 1115 106 1156 per
147 1104 190 1142 et
236 1101 485 1141 beatissima
527 1101 714 1156 Virgine.
790 1100 972 1142 Praestet
1013 1101 1135 1142 vobis
1178 1101 1430 1143 benedictus

32 1168 114 1209 Dei
163 1168 311 1217 Filius,
357 1169 429 1222 qui
465 1168 663 1209 fidelibus
706 1169 931 1219 universis,
968 1172 1012 1210 et
1043 1169 1256 1224 praecipue
1289 1170 1430 1224 religi-

31 1250 156 1277 onem
185 1236 503 1291 p1·ofite11tibuS‚
527 1236 806 1291 semetipsum
829 1239 873 1277 et
898 1236 1077 1277 vivendi
1111 1236 1293 1277 formam
1323 1252 1430 1292 prze-

29 1304 104 1345 bet
136 1308 179 1345 et
210 1303 458 1344 felicitatem
501 1302 684 1354 fruendi,
717 1307 767 1344 ut
799 1303 1039 1345 honestatis
1074 1307 1230 1345 vestrae
1262 1304 1431 1359 placida

31 1372 217 1422 devotio,
244 1386 320 1426 per
356 1371 549 1412 ordinem
575 1371 690 1420 vitae,
716 1385 843 1426 quem
876 1385 963 1412 non
995 1371 1182 1412 maculat
1218 1372 1429 1420 illecebra,

29 1439 196 1481 fallacia
237 1454 324 1480 non
355 1439 531 1487 seducit,
576 1453 664 1479 non
705 1439 918 1494 pervertit
969 1438 1175 1494 nequitia,
1223 1439 1432 1481 violentia

29 1522 117 1548 non
160 1507 376 1563 opprimit,
430 1506 728 1548 indeficienter
794 1507 1006 1548 studeatis
1059 1506 1429 1563 comprehendere,

32 1589 128 1616 cum
160 1574 360 1616 omnibus
401 1574 571 1624 sanctis,
609 1574 789 1630 gloriam
823 1574 1057 1626 fruitionis,
1081 1589 1211 1630 quam
1244 1575 1432 1616 latitudo

31 1643 223 1685 caritatis
284 1642 531 1698 amplificat,
594 1642 820 1684 confirmat
873 1642 1101 1698 longitudo
1158 1643 1431 1694 aeternitatis,

32 1711 273 1752 sublimitas
335 1710 565 1766 potestatis
632 1710 809 1759 exaltat,
878 1710 1098 1751 illuminat
1168 1710 1432 1766 profundum

32 1779 255 1829 veritatis;
288 1779 446 1833 quibus
478 1778 665 1833 primum
687 1777 966 1832 praelibandis
1003 1778 1048 1817 in
1089 1781 1282 1832 tempore
1314 1781 1433 1818 tran-

33 1846 168 1901 quilla
210 1845 420 1901 regularis
449 1845 741 1886 institutionis
782 1844 988 1900 professio
1035 1844 1202 1900 jugiter
1243 1845 1432 1900 aspirare

33 1917 218 1961 tenetur,
263 1913 498 1954 secundum
540 1912 835 1953 immutabiles
868 1912 1129 1953 Divinorum
1165 1913 1432 1967 eloquiorum

35 1981 280 2029 sententias,
305 1984 355 2021 ut
388 1980 550 2022 eisdam
582 1979 764 2021 satietur
794 1980 840 2020 in
872 1980 1125 2022 aeternitate.
1190 1980 1356 2021 Iterum
1390 1985 1433 2022 et

32 2049 77 2089 in
109 2052 320 2090 {eternum
342 2048 493 2097 valete,
529 2052 608 2089 etc.

671 2187 804 2230 XCV.

34 2278 311 2321 Honorabili
366 2278 476 2327 vim,
532 2277 751 2333 111αῃὶ81νο
799 2278 882 2330 Ε,2
918 2277 1114 2321 Domini
1170 2278 1435 2321 C'awtucwicc

155 2346 362 2402 Qfficialz',
396 2347 557 2388 Isto-cam
584 2345 692 2388 Aila
719 2360 879 2404 pacem
911 2346 1124 2402 temporis
1157 2351 1195 2389 et
1235 2346 1435 2402 ylowioem

156 2414 435 2457 (eternitatis.

94 2509 165 2550 Ad
221 2507 450 2564 probatam
512 2508 687 2550 sinceiae
729 2509 887 2550 mentis
938 2508 1258 2564 ingenuitatem
1309 2512 1435 2551 tanto
1457 2524 1496 2556 In
1512 2524 1632 2556 behalf

35 2575 275 2617 fiducialius
320 2575 471 2617 accedo
515 2576 561 2616 in
592 2576 728 2617 causis
760 2576 922 2632 pietate
963 2575 1161 2618 subnixis
1192 2577 1437 2632 interpella·
1455 2568 1639 2645 ἳξῐέὶῧξέῑῇο

36 2647 170 2693 tulus,
218 2647 380 2699 quanto
414 2643 803 2699 cilciunspectionis
839 2647 996 2685 vestiae
1032 2644 1289 2686 sereniorem
1326 2644 1435 2700 vigi·
1642 2637 1648 2644 ’

37 2711 217 2753 lantiam
249 2711 527 2767 experientiae
558 2711 809 2767 multiplicis
852 2711 937 2752 fide
970 2711 1142 2753 celtiori
1172 2712 1230 2752 ad
1260 2712 1434 2767 negotii

85 2843 92 2862 ¹
108 2842 220 2874 Blank
235 2841 269 2873 in
284 2841 339 2874 the
356 2841 503 2883 original.
724 2840 728 2884 j
793 2842 805 2861 ²
827 2842 966 2874 Eustace
990 2843 1030 2874 de
1045 2841 1126 2875 Len.
