1905 3180
164 819 276 850 Letter
292 816 330 848 of

163 863 181 894 f
180 861 355 903 riendship.

392 248 476 289 302
876 253 982 286 ΑΒΕ
1015 253 1076 285 DE
1106 250 1303 286 MARIsco

992 413 1192 457 CLXVI.

390 513 747 558 Clemmzttffsimo
792 512 848 555 in
883 510 1058 554 Olwisto
1093 510 1237 566 patri„
1276 510 1437 553 Fratri
1475 511 1549 563 J.‚¹
1592 510 1789 554 Ordinis

504 583 726 625 chctrmn
745 581 986 623 Miworztm
1009 578 1220 623 Generali
1241 579 1295 620 M
1294 578 1473 629 inistro,
1497 580 1659 622 Frater
1678 579 1789 622 Ada

505 650 728 692 humilem
749 647 1064 692 obedientialis
1084 647 1342 690 ‘reveremioe
1354 647 1659 703 famulatum,
1685 662 1790 690 cum

488 717 654 773 'ylo-ria
675 717 859 760 honoris
894 721 931 759 et
966 730 1092 772 opere
1117 715 1439 772 fortitudinis,

450 816 644 866 Utinam,
688 816 798 858 sicut
831 824 996 870 semper
1047 814 1212 864 liberet,
1263 813 1413 855 liceret
1463 828 1577 869 saepe
1631 817 1788 857 vestrae

388 884 630 926 sanctitatis
660 884 816 925 animae
839 882 1051 924 Deiformi
1081 882 1265 937 pectoris
1295 881 1439 923 anheli
1470 882 1669 938 spiritum
1701 883 1792 923 avi-

388 953 490 994 dum
519 955 779 1007 praesentare
801 965 877 1006 per
897 951 1054 992 litterae
1077 949 1347 1005 colloquium,
1372 950 1486 1005 quod
1506 965 1583 1005 per
1604 949 1789 992 officium

387 1020 547 1076 linguae
579 1034 666 1060 non
698 1020 845 1060 valeol
911 1018 1096 1059 Obsistit
1127 1018 1196 1059 hic
1227 1032 1382 1072 nempe
1414 1017 1612 1059 absentia
1641 1032 1790 1074 corpo-

387 1088 487 1128 ralis
538 1087 841 1129 amicitia-libus
872 1087 1029 1127 animis
1064 1086 1197 1141 juxta
1228 1085 1472 1141 sapientum
1508 1086 1788 1136 sententiam,

388 1156 487 1197 licet
518 1170 605 1196 11011
636 1155 726 1197 sine
762 1155 1014 1210 planctuum
1046 1153 1294 1195 anxiamine
1325 1153 1503 1194 ferenda
1535 1156 1681 1195 tamen
1712 1168 1789 1209 pro

389 1227 580 1278 tempore
603 1238 731 1278 quam
764 1222 1025 1278 dispensatio
1056 1221 1253 1278 legitima
1279 1220 1507 1262 salubriori
1538 1222 1790 1264 necessitate

389 1290 643 1332 mortalibus
680 1290 915 1332 defectibus
945 1290 1090 1331 adesse
1134 1289 1361 1344 compellit.
1445 1289 1672 1344 Numquid
1702 1304 1791 1331 non

390 1358 461 1399 ille
505 1358 767 1399 inviolabilis
810 1358 1011 1399 amicitiae
1049 1357 1376 1413 superamabilis
1420 1357 1455 1397 F
1459 1357 1675 1399 cederator
1717 1358 1787 1408 eis,

391 1439 495 1480 quos
527 1426 592 1466 sui
622 1426 755 1480 ipsius
786 1425 1077 1480 supercoelesti
1105 1425 1376 1481 dignificavit
1397 1425 1600 1476 amicitia,
1628 1430 1648 1447 “
1664 1424 1790 1475 Vos,''

390 1493 597 1548 inquiens,
635 1493 762 1534 “dixi
806 1493 973 1542 amicos,
1018 1493 1119 1548 quia
1156 1507 1420 1547 quaecunque
1454 1493 1604 1534 audivi
1645 1508 1670 1535 a
1711 1493 1791 1535 Pa-

394 1566 414 1582 “
445 1565 511 1602 tre
533 1576 627 1602 meo
649 1565 753 1602 nota
774 1561 854 1602 feci
874 1561 998 1602 vobis
1020 1560 1199 1601 omnia.'’
1252 1561 1281 1602 J
1285 1575 1355 1601 am
1381 1560 1560 1615 jamque
1582 1562 1791 1617 corporali

390 1628 646 1670 viduaturus
677 1629 905 1684 praesentia
935 1629 1197 1683 praemittere
1229 1629 1424 1670 curavit:
1477 1633 1499 1650 “
1518 1628 1610 1685 Ego
1633 1630 1790 1671 verita-

390 1699 414 1717 “
444 1699 532 1737 tem
565 1697 658 1738 dico
691 1697 822 1745 vobis,
852 1696 1027 1752 expedit
1059 1696 1181 1737 vobis
1212 1700 1263 1738 ut
1294 1711 1372 1752 ego
1404 1696 1597 1738 vadam.”
1661 1696 1791 1739 Vide—

388 1763 489 1805 licet-
519 1779 571 1805 ne
595 1767 975 1819 quantumcunque
998 1763 1242 1805 delectabili
1262 1764 1415 1820 gratiae
1449 1768 1597 1806 tamen
1627 1765 1791 1806 carnali

387 1830 586 1873 liaereatis
617 1832 875 1873 infirmitati.
940 1831 1026 1873 Sed
1055 1846 1109 1873 ex
1131 1847 1192 1883 ea,
1214 1847 1290 1888 per
1321 1847 1427 1882 eam,
1451 1847 1578 1888 super
1607 1847 1701 1874 eam
1726 1834 1790 1875 in-

387 1914 514 1954 super
545 1893 868 1941 desiderabilem
914 1899 1096 1955 gloriam
1144 1903 1256 1942 certe
1293 1900 1561 1955 spiritualem
1593 1916 1790 1944 conscen-

388 1967 500 2008 datis
531 1967 736 2009 alacriter.
801 1967 916 2009 Huic
961 1967 1176 2009 consentit
1222 1968 1331 2009 illud
1362 1968 1589 2023 Apostoli:
1656 1969 1789 2011 “Etsi

389 2040 411 2055 ‘⁶
444 2035 722 2091 cognovimus
764 2035 997 2076 secundum
1044 2050 1215 2077 carnem
1264 2035 1513 2087 Cln‘istum3
1566 2036 1639 2078 sed
1674 2052 1789 2080 nunc

389 2105 412 2123 “
437 2101 529 2155 jam
561 2117 648 2143 11011
679 2102 913 2152 novimus.”
976 2103 1109 2145 Porro
1130 2103 1200 2145 hic
1231 2104 1415 2145 occurrit
1446 2103 1678 2146 admodum
1710 2105 1788 2147 1111-

387 2169 546 2210 randus
594 2169 869 2224 Peripatetici
912 2171 1177 2227 principatus
1223 2175 1460 2227 przecep’oor
1502 2173 1666 2227 primus
1713 2173 1788 2228 qui

388 2237 647 2292 corporalem
699 2238 939 2279 absentiam
986 2239 1101 2281 inter
1146 2240 1340 2280 maxima
1386 2240 1550 2282 veracis
1585 2240 1787 2283 amicitiae

389 2304 547 2345 damna
598 2305 794 2360 deputari
849 2306 1101 2349 contendit.2
1180 2308 1404 2359 Quomodo
1459 2323 1645 2363 namque
1696 2310 1789 2351 veri

388 2372 525 2422 amici,
560 2387 741 2427 quorum
785 2374 967 2416 amicam
997 2376 1359 2417 necessitudinem
1392 2376 1659 2418 solummodo
1691 2391 1788 2418 con-

388 2439 504 2480 ciliat
536 2454 663 2481 verus
695 2456 813 2482 amor
844 2442 1064 2493 bonitatis,
1106 2443 1238 2499 juxta
1283 2444 1398 2498 quod
1440 2444 1597 2499 probat
1627 2459 1786 2486 memo—

387 2510 507 2547 ratus
538 2508 780 2563 sapientum
812 2510 1089 2564 primicerius,
1114 2513 1315 2554 arbitrari
1347 2515 1553 2567 poterunt
1584 2513 1786 2555 amicitiae

389 2573 501 2617 felici
553 2575 669 2631 quod
728 2577 957 2633 quicquam
1010 2579 1210 2622 detrahat
1262 2580 1493 2637 corporalis
1545 2579 1783 2636 disjunctio,

435 2749 443 2767 ¹
468 2748 561 2780 John
585 2748 624 2780 of
650 2749 781 2782 Parma.
833 2749 894 2783 See
919 2751 1058 2786 Ecclest.
1115 2754 1160 2796 by
1184 2753 1240 2786 the
1263 2754 1342 2786 Fire
1366 2764 1402 2786 as
1427 2758 1462 2787 to
1487 2755 1607 2788 render
1629 2755 1685 2789 the
1712 2760 1785 2789 true

390 2811 421 2843 p.
439 2805 490 2833 49.
1113 2806 1252 2848 reading
1268 2807 1428 2840 doubtful.
1805 2808 1809 2813 '

434 2855 446 2873 ‘-'
470 2854 542 2887 The
552 2855 644 2887 word
658 2855 687 2887 is
703 2864 740 2887 so
755 2855 856 2888 much
869 2858 1059 2890 eontraetecl
1133 2860 1146 2879 ²
1169 2858 1309 2892 Aristot.
1341 2859 1451 2894 Ethio,
1468 2859 1537 2894 viii.
1557 2864 1587 2892 6.
