1905 3180
439 256 484 294 5]
499 254 521 294 G
925 254 1069 286 PRIMA
1101 252 1335 285 FUNDATIO

499 381 690 421 Mediam
724 379 954 419 fenestram
992 381 1035 418 et
1069 391 1272 431 magnam
1304 390 1433 432 supra
1470 390 1675 431 magnum
1710 375 1841 416 altare

439 449 593 491 vitrari
647 447 845 488 fecerunt
900 446 946 485 111
1000 445 1087 485 suis
1142 444 1341 498 expensis
1383 443 1684 484 communibus
1739 457 1843 497 pan-

441 518 553 559 narii
594 516 665 557 1761
708 513 893 569 draperii
935 512 1128 553 civitatis
1166 511 1411 552 Londoniae.

503 584 695 626 Tertiam
768 581 999 622 fenestram
1069 579 1223 619 vitrari
1310 578 1503 620 fecerunt
1588 576 1844 619 venerabilis

445 653 645 694 dominus
679 650 708 691 J
713 650 903 690 ohannes
946 646 1153 695 Cokaine,
1187 646 1319 687 miles.

507 720 829 773 Consequenter
876 714 1122 769 incipiendo
1177 714 1222 754 in
1257 714 1399 769 prima
1432 713 1623 754 fenestra
1654 697 1844 763 austrasi,

446 803 540 829 eam
594 786 787 827 vitrabat
839 782 1101 824 venerabilis
1148 781 1217 821 vir
1287 781 1544 821 Williehnus
1593 780 1645 821 de
1700 779 1844 834 Parys,

444 855 552 897 civis
585 847 836 900 Londoniae,
881 853 925 891 et
959 848 1146 889 Matilda
1177 863 1290 889 uxor
1323 848 1425 903 ejus.

507 921 748 962 Secundam
799 918 1030 959 fenestram
1068 916 1299 957 australem
1334 915 1488 957 vitrari
1520 915 1620 956 fecit
1653 914 1849 955 dominus

447 989 475 1030 J
481 989 672 1029 ohannes
725 987 776 1027 de
825 985 1045 1031 Charston,
1088 984 1222 1034 miles,
1263 988 1306 1024 et
1349 984 1524 1024 domina
1558 982 1766 1023 Hawesia
1798 982 1849 1023 de

448 1056 550 1097 Pole
591 1069 712 1095 uxor.
779 1053 962 1093 Portant
1020 1051 1188 1092 leonem
1246 1065 1443 1107 rapacem
1499 1050 1552 1092 (Ze
1611 1049 1764 1105 (scales
1805 1049 1849 1089 in

448 1138 599 1178 campo
642 1135 785 1162 aureo.

508 1190 701 1231 Tertiam
743 1188 977 1228 fenestram
1020 1186 1177 1227 vitrari
1219 1186 1320 1228 fecit
1370 1186 1631 1227 venerabilis
1673 1185 1742 1226 vir
1778 1184 1850 1225 Ri-

448 1259 599 1299 cardus
643 1257 824 1311 Bryton‚
869 1254 976 1295 civis
1021 1253 1331 1304 Londonensis,
1369 1257 1414 1295 et
1453 1253 1702 1309 Margareta
1742 1267 1851 1293 uxor

450 1325 651 1380 ejusdem.

511 1392 723 1443 Quartam
755 1390 987 1431 fenestram
1018 1389 1173 1430 vitrari
1227 1389 1330 1430 fecit
1373 1388 1592 1429 VValterus
1626 1388 1677 1429 de
1714 1387 1850 1437 Gorst,

450 1459 708 1515 pelleparius
749 1457 820 1498 vel
851 1456 1102 1511 piperarius‚
1147 1456 1253 1497 civis
1287 1456 1534 1497 Londoniae.

514 1527 724 1577 Quintam
758 1528 801 1565 et
842 1528 1011 1564 sextam
1046 1523 1258 1564 fenestras
1281 1524 1435 1564 vitrari
1467 1524 1660 1564 fecerunt
1692 1521 1853 1563 «1011611-

452 1609 526 1635 nes
560 1595 611 1635 de
644 1592 799 1647 Triple,
855 1595 898 1632 et
951 1591 1160 1631 Aiianora
1208 1606 1381 1632 consors
1414 1606 1501 1641 sua,
1547 1605 1600 1632 sc.
1632 1589 1662 1631 J
1667 1590 1852 1631 ohannes

453 1665 545 1702 erat
578 1660 685 1701 civis
714 1658 1039 1700 Londoniensis.

517 1728 758 1782 Septimam
818 1725 1012 1766 fecerunt
1065 1726 1220 1766 vitrari
1271 1726 1486 1767 Henricus
1541 1725 1697 1775 Burell,
1750 1724 1852 1766 civis

455 1794 778 1843 Londoniensis‚
814 1797 858 1834 et
900 1793 1042 1833 Alicia
1083 1807 1195 1833 uxor
1237 1793 1439 1847 ejusdem.

518 1862 731 1903 Octavam
763 1860 995 1901 fenestram
1019 1860 1098 1900 sub
1121 1860 1349 1915 campanili
1386 1860 1486 1901 fecit
1517 1860 1673 1901 vitrari
1696 1860 1852 1902 Rober-

454 1934 525 1970 tus
559 1929 706 1977 Benet,
742 1928 848 1968 civis
880 1931 923 1968 et
955 1931 1169 1968 mercator
1212 1928 1535 1969 Londoniensis.
1860 1933 1863 1936 ’

516 1997 690 2037 Nonam
722 1995 954 2036 fenestram
987 2009 1128 2035 coram
1164 1995 1381 2035 communi
1410 1995 1538 2036 altari
1570 1994 1670 2036 fecit
1703 1994 1853 2036 vitrari

457 2064 632 2105 domina
676 2062 925 2118 Margareta
969 2062 1021 2102 de
1067 2062 1218 2103 Monte
1265 2062 1496 2111 Hermetis,
1531 2077 1649 2103 soror
1693 2061 1852 2103 domini

459 2130 645 2171 Gilberti
689 2130 740 2170 de
787 2130 922 2179 Clare,
968 2129 1137 2170 comitis
1183 2129 1443 2180 Glouoestre,
1478 2133 1522 2171 et
1553 2130 1770 2171 comitissa
1804 2129 1853 2170 de

459 2196 728 2252 Cornwayle.

519 2264 739 2305 Decimam
792 2263 1024 2305 fenestram
1055 2264 1210 2305 vitrari
1253 2264 1355 2306 fecit
1400 2264 1660 2306 Willielmus
1701 2265 1851 2315 AUmn,

459 2332 564 2373 civis
595 2335 639 2372 et
670 2345 831 2372 mercer
864 2331 1112 2373 Londoniae.

520 2398 808 2439 Undecimam
840 2398 1071 2440 fenestram
1103 2398 1254 2440 vitrari
1297 2399 1399 2441 fecit
1432 2399 1775 2442 Bartholomaeus
1804 2397 1852 2440 de

463 2466 646 2520 Esteyn.-

521 2532 831 2573 Duodecimam
863 2532 1093 2574 fenestram
1132 2534 1285 2575 vitrari
1316 2534 1419 2575 fecit
1451 2534 1665 2575 Dominus
1699 2534 1852 2575 Rober-

460 2603 531 2641 tus
567 2599 756 2648 Launde,
795 2599 917 2640 miles
950 2604 994 2641 et
1026 2601 1245 2642 aurifaber
1278 2601 1526 2651 Londoniae‚
1561 2605 1605 2642 et
1639 2600 1852 2643 Christina

460 2680 630 2708 consors
660 2680 746 2706 sua.

521 2733 712 2774 Tertiam
748 2733 957 2774 decimam
985 2734 1217 2777 fenestram
1252 2736 1408 2777 vitrari
1440 2736 1542 2777 fecit
1575 2733 1752 2777 Simon¹
1802 2732 1850 2774 de

910 2858 917 2876 ¹
945 2858 1121 2891 corrected
1137 2859 1223 2891 from
1247 2857 1417 2892 Walterus.
