1905 3180
445 214 527 254 316
914 215 1019 246 ADAE
1051 214 1112 244 DE
1143 212 1341 244 MAmsco

444 350 628 384 manens,
662 334 854 389 praccipit
884 329 1198 373 vicissitudines
1229 327 1509 369 consiliorum.
1575 326 1700 377 Quod
1732 328 1831 382 quia

444 406 671 445 stultorum
700 401 880 456 superba
905 398 1117 454 jactantia
1152 395 1428 451 pervicaciter
1453 394 1723 444 exhorrescit,
1750 395 1831 449 ipsi

443 472 683 512 recedentes
730 469 784 509 ab
830 465 1172 508 incommutabili
1219 463 1415 511 veritate,
1465 465 1508 503 et
1554 462 1828 503 mutabilium

441 538 664 579 eventibus
715 536 957 583 innitentes,
1005 533 1111 573 illud
1172 531 1399 572 incurrunt
1445 545 1541 571 cum
1586 529 1831 585 despicabili

440 605 681 661 ignominia,
731 603 844 657 quod
887 616 939 643 ex
983 600 1101 640 inani
1144 598 1279 654 gloria
1324 598 1527 652 fugiunt3
1559 597 1665 638 adeo
1715 596 1829 652 quod

438 676 584 713 contra
605 672 716 726 ipsos
737 670 926 724 loquitur
950 667 1170 722 sapientia,
1194 666 1337 707 dicens
1358 681 1365 705 :
1402 670 1424 686 “
1448 664 1619 706 Stultus
1645 667 1696 706 ut
1725 664 1829 705 luna

439 743 463 759 “
493 742 695 787 mutatur,
728 752 823 779 cum
856 736 1021 791 sapiens
1053 734 1165 775 sicut
1188 733 1250 774 sol
1281 732 1559 788 perseveret.''

498 806 650 846 Valeat
708 803 979 859 paternitatis
1034 805 1190 842 vestrae
1248 800 1454 842 sanctitas
1518 803 1593 841 etc.
1690 798 1829 842 Tanto

438 872 697 927 propensiori
750 870 972 926 diligentia
1023 868 1280 923 praescriptae
1347 867 1569 922 petitionis
1632 867 1830 909 effectum

436 954 580 994 precor
629 942 843 979 maturare
894 936 1046 985 velitis,
1089 939 1251 990 quanto
1310 935 1412 976 dum
1467 935 1626 990 pendet
1674 949 1829 991 anceps

436 1008 577 1047 exitus
613 1005 780 1047 arbitrii
812 1005 955 1053 vestri,
989 1005 1035 1044 in
1077 1004 1157 1045 hac
1188 1007 1309 1058 parte
1340 1003 1468 1044 series
1499 1003 1830 1058 tranquillitatis

436 1089 521 1114 non
586 1073 855 1114 mediocriter
904 1072 1146 1114 aemulanda
1211 1071 1480 1112 desiderandi
1530 1070 1832 1112 moderaminis

437 1142 622 1196 patietur
658 1140 972 1181 detrimentum.
1037 1139 1093 1180 In
1124 1142 1336 1181 aeternum
1368 1139 1510 1180 valete
1539 1139 1586 1179 in
1619 1138 1801 1180 Christo.

499 1209 544 1249 Si
591 1208 726 1263 petita
772 1207 964 1262 superius
1008 1207 1306 1256 concesseritis,
1352 1207 1461 1248 bene
1508 1206 1690 1261 quidem.
1754 1205 1829 1247 Sin

438 1278 592 1325 autem,
626 1275 739 1330 quod
770 1275 929 1316 bonum
962 1278 1026 1316 est
1057 1275 1102 1315 in
1131 1275 1261 1316 oculis
1292 1274 1446 1315 vestris
1476 1274 1555 1315 fiat
1585 1288 1661 1329 per
1682 1273 1830 1315 Domi-

439 1358 551 1384 num.
628 1343 840 1397 Expedivi
887 1342 1119 1384 secundum
1152 1342 1266 1397 quod
1309 1342 1416 1382 mihi
1448 1342 1625 1397 desuper
1669 1341 1830 1383 dictum

440 1414 502 1452 est
534 1411 646 1466 apud
677 1411 894 1452 dominum
930 1410 1177 1465 Lyncolniae
1209 1425 1305 1465 quae
1337 1410 1581 1452 mandastis.

1031 1618 1245 1663 CLXXV.

438 1745 592 1789 Fratri
635 1746 700 1796 W„
740 1746 958 1788 illinis-tro
989 1747 1182 1802 Augylicc,
1214 1747 1375 1789 Frater
1410 1747 1518 1789 Adeo
1550 1747 1751 1798 sulutem,
1794 1752 1831 1790 et

555 1819 649 1857 tam
685 1814 880 1857 debitam
928 1830 1069 1870 quam
1105 1815 1309 1858 devotam
1340 1814 1396 1857 in
1431 1815 1620 1858 Auctore,
1667 1814 1828 1858 salutis

556 1882 656 1924 obed
665 1881 700 1924 ic
708 1887 751 1924 nt
760 1882 862 1924 ium.

213 2004 412 2081 fsffizsssfiflg
497 2008 606 2050 Cum
649 2008 955 2052 intellexissem
1014 2024 1090 2067 per
1137 2009 1402 2052 carissimum
1448 2010 1625 2053 fratrem
1672 2009 1726 2052 N.
1778 2007 1828 2052 de

213 2104 322 2135 young
334 2093 412 2125 friar
438 2076 661 2131 Anilyeres
705 2093 873 2119 causam
917 2079 1020 2120 satis
1070 2079 1370 2121 rationabilem
1420 2078 1691 2135 profectionis
1741 2091 1827 2119 suae

212 2138 385 2222 Εὲῡῖξὲῃξ·
436 2144 481 2183 in
512 2145 868 2186 ministrationem
917 2147 1121 2199 Franciae,
1155 2148 1353 2189 discussis
1395 2147 1455 2188 rei
1502 2145 1828 2188 circumstantiis

211 2234 279 2255 cres
296 2235 371 2266 may
435 2226 529 2251 cum
583 2212 728 2253 eodem
791 2213 931 2264 fratre,
996 2215 1141 2255 fratris
1189 2215 1233 2256 P.
1282 2215 1333 2256 de
1379 2212 1726 2269 Theokesbyria¹
1786 2215 1828 2254 ct

213 2268 401 2343 {ffffllogfd
437 2293 542 2319 meac
574 2280 800 2333 parvitatis
843 2282 1028 2322 consiliis
1060 2283 1370 2337 adquiescente,
1419 2286 1674 2338 pi·aesente1n
1720 2279 1821 2336 peti-

212 2355 261 2385 his
278 2357 396 2387 studies
439 2345 597 2386 tionem
630 2348 881 2400 paternitati
912 2353 1068 2390 vestrae
1117 2350 1263 2391 censui
1304 2350 1582 2406 dirigendam,
1632 2347 1826 2404 supplici-

213 2400 410 2485 {iassiffli'iiss}
440 2416 504 2452 ter
549 2427 701 2468 rogans
743 2418 964 2468 quatenus,
998 2417 1118 2458 salva
1160 2418 1438 2472 dispositione
1469 2416 1656 2458 ministri
1705 2428 1826 2471 gene-

213 2496 249 2516 or
268 2470 421 2521 London.’
439 2479 538 2519 ralis
589 2481 697 2521 circa
742 2481 880 2536 ipsum
929 2483 1066 2525 eidem
1122 2485 1248 2526 fratri
1300 2499 1504 2536 concessa,
1552 2484 1591 2526 si
1636 2480 1824 2524 ministri

442 2546 634 2589 Franciae
681 2563 908 2591 consensus
944 2553 1181 2602 accesserit,
1223 2552 1425 2594 clementi
1470 2551 1634 2608 pietate
1684 2548 1824 2607 provi-

442 2613 539 2654 dcrc
571 2615 713 2656 velitis
744 2616 882 2658 locum
915 2623 1089 2669 certum,
1122 2620 1199 2661 ubi
1229 2620 1370 2662 dictus
1402 2620 1534 2661 frater
1564 2634 1640 2675 per
1670 2621 1822 2660 vestrae

1004 2789 1011 2807 ¹
1038 2790 1098 2822 See
1115 2799 1145 2830 p.
1166 2793 1217 2828 40,
1235 2800 1283 2830 sq.
