1905 3180
625 242 862 273 EPISTOLAE.
1355 235 1440 274 409

42 355 316 399 tenebrarum
348 355 516 405 harum,
553 359 703 396 contra
745 355 987 410 spirituales
1019 356 1236 410 nequitias
1276 356 1322 397 in
1363 370 1445 397 coe-

45 423 234 472 lestibus,
282 422 404 476 quasi
431 422 525 475 jam
569 422 712 463 soluto
759 422 936 473 Satana,
979 425 1167 478 stragem
1200 424 1441 464 animarum

45 491 302 539 exercentes,
335 491 380 529 et
410 488 696 543 triumphalia
728 492 870 530 castra
900 493 1107 539 moveret,
1140 493 1184 531 et
1216 490 1442 545 expeditas

44 557 153 599 acies
183 556 431 605 instrueret,
475 558 520 596 et
552 555 706 596 densos
739 570 990 610 congressus
1020 557 1310 612 constiparet:
1346 571 1441 598 cum

42 624 144 676 haec,
176 623 367 678 inquam,
401 621 606 677 professio
638 622 708 663 vel
755 622 899 663 invita
930 623 1202 677 compellitur
1233 627 1277 664 et
1319 625 1446 664 cadu-

45 691 104 733 cis
133 690 372 731 honoribus
403 689 679 730 ambitiosius
726 689 906 740 inhiare,
938 689 1171 730 mobilibus
1213 690 1446 731 affluentiis

45 757 251 800 curiosius
292 756 515 807 inservire,
550 760 593 797 et
624 756 748 797 foedis
780 756 1082 811 voluptatibus
1115 756 1349 797 deformius
1382 757 1445 797 in-

44 823 217 866 haerere.
277 823 435 864 Nonne
477 823 604 863 ruina
648 837 845 878 praesens,
881 826 932 864 ut
966 822 1087 864 salva
1134 823 1296 878 loquar,
1331 823 1443 864 heu!

43 889 160 933 heu!
222 890 494 946 quorundam
550 890 597 930 in
641 890 843 931 manibus
892 890 1155 931 nefariorum
1203 890 1447 946 principum

45 958 318 1014 conspicitur,
363 961 408 999 et
459 957 802 1013 ingredientium
843 958 1089 1013 pompatice
1131 958 1308 999 domum
1361 959 1447 999 Do-

45 1026 165 1075 mini,
217 1029 261 1067 et
317 1025 629 1066 confidentium
678 1025 726 1065 in
777 1028 924 1066 monte
974 1025 1194 1076 Samariae,
1243 1029 1286 1066 et
1332 1025 1449 1066 incu-

47 1093 246 1136 bantium
277 1093 528 1133 fictionibus
559 1092 892 1141 lascivientium,
929 1095 1105 1148 propter
1137 1093 1251 1146 quod
1289 1092 1449 1147 migra-

48 1161 161 1203 bunt
192 1175 310 1201 nunc
346 1160 393 1201 in
429 1160 570 1214 capite
603 1160 1031 1215 transmigrantium,
1065 1159 1302 1200 secundum
1332 1161 1446 1214 quod

47 1232 140 1271 tam
160 1227 418 1269 terribiliter
444 1227 618 1282 juravit
640 1228 687 1267 in
719 1227 913 1268 animam
940 1241 1064 1268 suam
1093 1227 1309 1268 Dominus
1331 1227 1447 1268 Deus

48 1296 349 1338 exercituum?
401 1294 487 1336 Sed
515 1294 621 1349 quid
650 1309 842 1349 unquam
864 1294 1034 1335 tristius
1068 1294 1249 1349 cogitari
1275 1295 1447 1348 poterit,

52 1378 183 1419 quam
216 1363 332 1417 quod
364 1362 439 1417 qui
470 1362 550 1403 hoc
583 1361 910 1417 gratulabunda
953 1361 1204 1402 laudatione
1235 1375 1322 1401 non
1353 1375 1449 1415 pro—

49 1431 255 1485 sequitur,
301 1433 379 1471 aut
430 1429 705 1471 saevientium
767 1429 1012 1470 concutitur
1051 1427 1325 1478 cruciatibus,
1373 1432 1450 1469 aut

51 1497 362 1538 insultantium
402 1499 592 1538 vexatur
638 1496 922 1547 contumeliis,
967 1498 1047 1536 aut
1090 1496 1449 1536 subsannantium

52 1563 273 1607 deridetur
318 1563 697 1619 despectionibus?
759 1563 796 1605 O
830 1563 1070 1604 Altissimae
1105 1562 1352 1617 Majestatis
1386 1564 1454 1603 in—

46 1631 237 1686 juriam!
286 1630 322 1672 O
358 1631 655 1672 inscrutabilis
690 1631 916 1686 sapientiae
949 1630 1365 1672 contradictionem!
1416 1630 1452 1671 O

52 1698 385 1740 inestimabilem
436 1697 677 1740 clementiae
719 1700 1042 1753 contemptum!
1102 1697 1329 1752 Numquid
1381 1698 1455 1752 qui

52 1766 270 1822 plantavit
301 1779 449 1806 aurem
480 1780 569 1806 non
600 1765 760 1817 audiet,
795 1769 872 1806 aut
904 1765 979 1820 qui
1010 1765 1144 1806 finxit
1174 1765 1344 1805 oculum
1366 1779 1453 1805 non

0 1832 1 1835 '
53 1833 293 1875 considerat
309 1831 349 1873 2¹
423 1832 585 1873 Absit!
662 1832 895 1887 Propterea
937 1832 1183 1887 speluncam
1237 1832 1454 1873 latronum

0 2086 4 2131 l

0 1895 1 1898 ¹
53 1904 222 1943 constat
275 1900 377 1955 quia
420 1914 509 1941 non
561 1899 758 1941 tardabit
801 1900 1015 1940 discutere
1061 1899 1180 1940 Deus
1232 1899 1421 1940 ultionis.
1439 1898 1455 1920 2

54 1967 127 2008 An
157 1971 364 2023 putamus
407 1967 523 2021 quod
554 1967 672 2008 auris
713 1967 822 2016 coeli,
870 1981 967 2021 quae
1004 1966 1128 2007 audit
1161 1967 1317 2016 onmia,
1366 1981 1455 2007 non

51 2035 242 2076 attendit
284 2048 410 2075 voces
453 2034 737 2075 clamantium
779 2034 858 2075 sub
903 2034 1041 2074 altare
1086 2034 1181 2083 Dei,
1231 2033 1451 2074 “Vindica

53 2104 78 2125 “
107 2102 360 2157 sanguinem
402 2104 612 2149 nostrum,
659 2101 777 2142 Deus
821 2099 1035 2142 noster''?
1127 2101 1201 2141 An
1243 2101 1455 2142 credimus

0 2202 1 2213 ,
58 2169 172 2223 quod
203 2169 258 2219 Is,
286 2169 333 2209 in
364 2168 485 2222 cujus
517 2172 751 2224 conspectu
776 2183 863 2209 11011
895 2171 960 2209 est
991 2168 1138 2222 aliqua
1170 2171 1367 2208 creatura
1388 2168 1453 2208 in-

3 2285 7 2292 *
62 2235 256 2287 visibilis,
278 2235 432 2277 videns
456 2235 609 2277 videat
637 2235 916 2277 afflictionem
944 2235 1262 2290 AEgyptiacam,
1297 2238 1340 2276 et
1368 2250 1454 2276 non

61 2301 300 2344 descendit¹
328 2302 509 2344 liberare
541 2302 750 2358 populum
782 2304 939 2344 suum?
1001 2302 1087 2344 Sed
1115 2317 1319 2356 quorsum
1350 2302 1455 2343 ista?

63 2366 130 2410 Ut
171 2369 276 2424 quid
321 2369 664 2411 flamantissimis
710 2370 953 2411 fervoribus
984 2370 1263 2410 accendendis
1306 2373 1455 2425 torpor

62 2435 231 2490 tepidus
261 2436 519 2478 insudaret?
581 2437 726 2492 Igitur
767 2437 947 2479 cohibeo
979 2437 1203 2486 calamum,
1238 2451 1365 2491 quem
1396 2437 1456 2476 la-

7 2511 10 2546 1
63 2502 232 2543 crimosi
270 2503 409 2545 cordis
457 2503 600 2558 liquor
645 2507 848 2545 cruentus
893 2504 1092 2545 intinxit.

142 2568 414 2612 Deliberavit
444 2585 583 2626 nuper
612 2571 658 2611 in
688 2571 862 2626 publico
894 2585 950 2612 ex
984 2585 1088 2612 voce
1120 2570 1296 2612 confusa
1326 2569 1452 2610 facies

111 2794 120 2813 ¹
139 2793 204 2827 Sic.
749 2797 755 2840 1
819 2799 831 2816 ²
847 2794 1003 2837 ultionem,
1020 2796 1095 2829 MS.
