1905 3180
449 237 533 277 408
930 242 1036 273 ADAE
1068 242 1130 272 DE
1159 240 1355 272 MAmsco

513 357 675 400 Carum
699 355 808 396 mihi
837 355 960 404 foret,
993 354 1220 404 carissime,
1248 353 1285 394 si
1313 353 1706 409 expositiunculam
1735 367 1850 395 sum-

454 424 647 475 mariam,
691 437 832 478 quam,
875 436 944 463 me
984 425 1081 463 tum
1122 423 1347 476 praesente,
1394 420 1587 462 tabulari
1632 421 1851 463 memoriae

455 490 730 534 commisistis
772 493 964 545 tempore
1006 489 1186 544 capituli
1231 488 1429 529 Londino
1472 488 1687 538 celebrati,
1724 488 1853 543 scrip-

455 564 566 602 turae
608 557 737 607 illius,
787 560 811 579 “
834 557 965 599 Nova
1004 556 1082 597 lux
1127 555 1157 597 J
1160 555 1295 597 udaeis
1333 555 1428 598 visa
1470 555 1574 605 est,''
1620 556 1854 597 secundum

457 625 573 683 quod
618 625 828 681 accipitur
869 624 922 666 de
963 624 1202 665 nativitate
1245 623 1394 664 Beatae
1446 622 1597 664 Mariae
1640 621 1862 678 Virginis.¹

461 696 509 737 Si
548 707 637 735 non
669 692 909 748 displiceat,
950 694 1053 747 peto
1104 690 1224 731 illam
1255 705 1332 746 per
1363 690 1546 732 latorem
1577 690 1858 747 praesentium

462 761 572 803 mihi
602 760 723 801 mitti
753 760 800 801 in
831 758 1025 801 cartula.2

241 833 379 874 Regrets
391 831 446 862 the
536 827 647 870 Cum
688 830 880 868 semotus
920 841 946 867 a
987 824 1338 866 desiderabilium
1378 824 1564 866 fratrum
1614 823 1861 878 frequentia

240 877 437 960 ἰῐᾚὲξξὲξ
463 898 604 937 vastae
656 894 905 936 solitudinis
956 892 1219 947 salsuginem
1271 892 1521 948 ingrederer
1571 891 1859 933 amaricatam.

242 964 280 1013 Of,
298 964 353 994 the
464 962 585 1005 dolor
640 961 812 1012 anxius,
867 962 1019 1016 utpote
1067 960 1184 1000 inter
1247 974 1367 1014 spem
1418 961 1463 1000 et
1518 959 1861 1014 desperationem

241 1007 346 1038 frmrs.
465 1030 698 1077 detrusam,
735 1027 932 1069 totaliter
963 1026 1200 1082 occupavit.
1263 1026 1383 1078 Quis,
1415 1041 1499 1078 oro,
1529 1027 1647 1068 locus
1676 1026 1758 1067 erit
1790 1025 1864 1068 lae-

464 1096 589 1147 titiae,
621 1095 698 1136 ubi
729 1097 871 1136 totam
902 1094 1175 1135 affectionem
1206 1107 1366 1135 moeror
1399 1093 1532 1135 afficit
1563 1093 1862 1144 intolerabilis,

466 1167 606 1206 totam
647 1162 863 1203 rationem
904 1165 1024 1204 totus
1064 1161 1217 1202 horror
1257 1164 1448 1216 occupat,
1492 1163 1632 1202 totam
1672 1162 1864 1202 mentem

468 1232 730 1286 coangustat
758 1232 909 1285 stupor
940 1227 1158 1284 pavidus?
1202 1228 1374 1283 Nempe
1405 1242 1589 1284 regnum
1610 1227 1866 1283 cupiditatis

469 1296 801 1339 effrenatissima
822 1295 941 1337 rabie
964 1294 1229 1346 debacchari,
1253 1298 1297 1336 et
1318 1295 1530 1350 captivari
1551 1294 1868 1336 luctuosissima

471 1364 719 1406 calamitate
750 1377 933 1418 regnum
981 1362 1190 1411 caritatis,
1235 1362 1309 1403 ille
1342 1362 1456 1403 solus
1491 1361 1749 1403 lacrimabili
1778 1375 1869 1402 non

472 1431 643 1487 plangit
671 1429 1022 1478 consideratione,
1048 1428 1199 1484 quem3
1224 1432 1302 1470 aut
1333 1428 1570 1470 excaecavit
1591 1429 1709 1470 Deus
1739 1428 1870 1483 liujus

473 1498 632 1548 saeeuli,
674 1500 752 1538 aut
789 1497 968 1537 Balaam
1009 1496 1134 1537 arioli
1169 1496 1309 1537 socius
1336 1496 1453 1537 cadit
1493 1499 1665 1551 apertos
1707 1495 1871 1537 habens

474 1564 654 1616 oculos3
710 1564 804 1619 jam
847 1563 980 1605 oculis
1024 1563 1124 1604 solis
1170 1563 1298 1618 hujus
1345 1562 1592 1618 expositum
1643 1566 1720 1614 est,
1764 1562 1875 1618 proh

475 1632 621 1673 dolor!
657 1630 816 1681 dirum,
849 1630 1097 1671 inauditum
1132 1629 1335 1671 facinoris
1362 1630 1662 1684 spectaculum.
1695 1629 1876 1671 Etenim

474 1699 684 1740 honorem
720 1697 928 1752 puritatis
977 1700 1108 1737 atrox
1151 1696 1360 1752 opprimit
1405 1697 1628 1746 violentia,
1677 1696 1871 1738 decorem

476 1765 688 1807 claritatis
709 1764 827 1805 fictio
849 1764 1162 1819 phantasmalis
1191 1763 1432 1813 obnubilat,
1456 1778 1647 1805 amorem
1667 1764 1874 1805 sanctita·

478 1833 535 1874 tis
556 1832 779 1874 conculcat
800 1831 1042 1886 voluptatis
1064 1831 1295 1872 affectatio.
1343 1831 1460 1882 Quid
1481 1845 1582 1887 ergo
1600 1834 1615 1872 2
1645 1831 1875 1885 Numquid

477 1914 568 1942 non
599 1901 855 1954 expectatur
885 1898 1153 1939 trucidatum
1189 1898 1245 1938 iri
1270 1898 1521 1939 universum
1553 1898 1738 1940 coelestis
1765 1899 1876 1940 aulae

478 1966 754 2022 tyrocinium,
813 1980 909 2007 cum
960 1965 1145 2020 gloriosa
1200 1965 1415 2020 professio,
1457 1979 1587 2020 quam
1627 1966 1683 2007 ad
1723 1966 1880 2007 subve-

479 2033 689 2076 niendum
730 2032 1024 2074 ecclesiasticae
1056 2032 1382 2088 depopulationi
1421 2033 1755 2074 novissimorum
1795 2033 1882 2074 die-

481 2116 579 2142 rum
610 2099 980 2155 periculosissimis
1011 2100 1280 2155 temporibus
1307 2114 1395 2140 non
1423 2099 1516 2141 sine
1541 2103 1716 2156 stupore
1743 2100 1880 2141 totius

482 2167 635 2208 mundi
657 2170 746 2208 tam
768 2169 969 2221 potenter
1001 2166 1227 2219 excitavit,
1260 2170 1351 2208 tam
1383 2167 1599 2221 sapienter
1628 2167 1878 2216 illustravit,

483 2238 575 2276 tam
604 2233 838 2274 salubriter
868 2233 1106 2288 ampliavit,
1139 2238 1190 2275 ut
1220 2248 1297 2289 per
1327 2233 1588 2289 singularem
1619 2233 1882 2276 humilitatis

484 2300 873 2351 mansuetudinem,
925 2315 1000 2355 per
1049 2300 1320 2356 spiritualem
1369 2301 1641 2356 paupertatis
1694 2300 1883 2356 exquisi-

486 2368 661 2417 tionem,
694 2381 770 2422 per
800 2368 1132 2423 praerogativam
1164 2369 1379 2410 castitatis
1416 2368 1741 2420 districtionem,
1787 2383 1884 2410 con-

488 2439 557 2476 tra
599 2434 864 2489 principatus
917 2438 961 2475 et
1005 2438 1253 2490 potestates,
1310 2438 1460 2477 contra
1504 2435 1658 2476 mundi
1699 2439 1881 2477 rectores

533 2642 542 2660 ¹
561 2641 606 2673 So
628 2642 663 2673 in
678 2642 734 2674 the
750 2642 834 2680 MS„
860 2643 916 2674 the
943 2652 1035 2674 sense
1052 2643 1152 2685 being
1216 2644 1294 2675 does
1315 2649 1374 2676 not
1392 2654 1481 2676 seem
1501 2649 1535 2676 to
1554 2645 1676 2686 belong
1691 2649 1725 2676 to
1736 2644 1792 2676 the
1808 2652 1879 2685 pre*-

489 2694 694 2734 ineomplete.
1215 2696 1334 2737 ceding
1349 2697 1455 2729 letter.

531 2747 545 2765 ²
569 2745 641 2778 The
681 2745 857 2788 postscript
882 2746 991 2778 which
1025 2747 1152 2779 follows
1258 2749 1270 2766 ³
1292 2759 1396 2789 quam,
1411 2747 1485 2780 MS.
