1905 3180
207 2591 381 2633 Difficulty

444 251 528 292 406
929 257 1036 287 ADAE
1068 257 1129 287 DE
1158 255 1354 287 MAmsco

442 375 697 426 consultum,
739 374 825 415 nisi
854 376 907 414 ut
948 373 1322 428 qualibuscunque
1353 373 1520 415 viribus
1547 374 1674 424 nitar,
1708 373 1746 415 si
1776 375 1845 414 ta-

440 457 539 483 men
564 442 778 483 divinitus
810 442 938 482 detur
969 441 1089 492 eniti,
1112 440 1168 482 ad
1199 440 1309 481 illud
1336 441 1553 496 attingere
1583 441 1699 495 quod
1734 440 1843 481 mihi

439 510 616 550 affectat
650 509 930 564 paternitatis
960 511 1119 550 vestrae
1141 508 1214 563 pia
1245 508 1465 558 sedulitas,
1499 512 1549 549 ut
1580 509 1736 550 saltem
1766 523 1842 563 per

439 576 569 618 moris
599 576 954 617 assimilationem
974 578 1134 617 vestrae
1170 575 1365 616 caritatis
1386 575 1659 630 amplexibus
1680 575 1843 616 arctius

439 644 668 699 astringar,
704 643 825 698 cujus
857 646 1005 684 sancto
1046 643 1348 699 patrocinante
1380 642 1587 698 suffragio
1618 642 1750 696 illucf,
1765 642 1843 683 Di-

438 711 625 753 vinitate
670 711 871 766 propitia,
926 724 1011 765 quo
1042 724 1118 764 per
1157 724 1203 751 se
1253 709 1504 751 nullatenus
1550 709 1708 766 sufficit
1748 724 1842 765 per-

438 779 618 834 tingere,
651 778 965 819 imbecillitatis
997 791 1105 819 meae
1146 777 1403 818 sustollatur
1434 777 1651 819 defectio?
1712 777 1844 819 Hanc

439 846 571 887 etiam
602 846 737 887 solam
768 845 894 886 nobis
924 845 972 885 in
1002 849 1168 886 mutuae
1198 844 1443 900 praesentiae
1475 844 1698 895 desiderio,
1720 849 1842 900 puto,

439 913 724 968 conspicimus
755 913 903 954 adesse
925 912 1277 954 consolationem.
1330 912 1468 964 Quod,
1491 926 1589 954 cum
1619 912 1845 959 verissime

436 980 572 1021 simus
620 981 697 1021 ubi
727 980 929 1029 vivimus,
978 980 1026 1020 in
1057 980 1133 1021 illo
1164 980 1313 1021 vivere
1343 980 1530 1021 velimus
1574 994 1732 1029 amore,
1765 979 1843 1034 qui

436 1046 550 1088 solus
571 1062 720 1088 veram
751 1046 981 1088 concilians
1011 1047 1248 1088 amicitiam
1280 1051 1372 1088 tam
1402 1050 1638 1102 praesentes
1673 1061 1746 1089 eos
1775 1047 1844 1087 in-

438 1114 577 1155 vicem
614 1115 805 1164 exhibet,
846 1128 953 1167 quos
983 1114 1199 1170 disjungit
1230 1115 1422 1156 locorum
1453 1114 1677 1167 distantia,
1711 1128 1843 1169 quam

435 1181 483 1221 in
515 1196 559 1222 se
590 1182 806 1222 adunatos
838 1181 922 1222 sibi
964 1182 1168 1222 absentes
1200 1196 1290 1223 esse
1326 1196 1416 1223 non
1448 1182 1676 1236 permittit,
1718 1182 1843 1237 cujus

435 1249 634 1290 omnibus
692 1249 798 1290 locis
852 1252 918 1290 est
974 1249 1237 1300 indeficienS,
1305 1249 1586 1290 indivisibilis
1642 1249 1840 1291 essentia.

435 1316 521 1357 Sed
557 1316 610 1357 de
638 1316 706 1356 his
740 1316 961 1357 hactenus.
1026 1316 1245 1373 Caeterum
1277 1317 1330 1358 de
1361 1317 1538 1372 negotio
1568 1316 1755 1358 fratrum
1787 1316 1841 1358 de

435 1381 770 1438 Scardeburga,1
802 1383 839 1424 si
880 1383 990 1424 illud
1019 1384 1166 1425 irritat
1191 1384 1417 1425 hominum
1449 1384 1688 1439 pervicacia
1724 1384 1841 1439 quod

431 1451 690 1505 approbavit
721 1450 805 1491 Dei
829 1450 1057 1505 judicium,
1103 1451 1209 1505 quid
1239 1451 1334 1492 fieri
1365 1451 1535 1492 valebit
1566 1452 1651 1493 m’si
1691 1454 1743 1493 ut
1774 1466 1841 1493 sa-

430 1517 607 1572 pientiae
639 1532 735 1572 quae
772 1517 997 1558 desursum
1039 1522 1104 1559 est
1145 1518 1428 1568 adhaerentes,
1468 1519 1528 1559 eis
1560 1519 1635 1573 qui
1665 1518 1840 1561 saecula-

429 1585 537 1625 riter
563 1585 739 1640 sapiunt
776 1585 919 1639 quoad
949 1585 1044 1626 fieri
1065 1588 1211 1640 potest
1242 1600 1319 1640 per
1342 1585 1567 1627 Christum
1597 1586 1837 1636 resistatur,

433 1654 512 1692 aut
552 1651 589 1692 si
628 1652 893 1707 possibilitas
934 1667 1024 1693 non
1064 1653 1269 1708 suppetit,
1304 1653 1351 1693 in
1392 1653 1484 1708 ipso
1527 1653 1840 1709 longanimiter

431 1719 713 1774 perferantur.
758 1719 957 1774 Denique
998 1721 1103 1774 quia
1143 1721 1358 1761 incertum
1389 1724 1455 1761 est
1486 1721 1539 1761 de
1580 1735 1702 1762 mora
1741 1736 1839 1763 mea

429 1787 549 1841 apud
586 1787 834 1841 Radingam
880 1790 979 1842 post
1010 1788 1183 1842 expleta
1213 1788 1401 1843 negotia,
1425 1802 1609 1842 quorum
1639 1789 1839 1830 memini-

429 1854 517 1905 stis,
550 1857 655 1909 puto
676 1853 766 1894 fore
798 1853 1045 1895 consultum
1069 1855 1195 1909 quod,
1229 1855 1315 1895 nisi
1343 1855 1424 1896 hoc
1452 1854 1622 1896 itineris
1641 1857 1838 1911 requirat

429 1922 721 1970 commoditas,
781 1922 1145 1977 contemplatione
1202 1923 1299 1973 mei,
1338 1922 1585 1977 Radingam
1626 1923 1707 1964 hac
1742 1924 1836 1966 vice

426 1989 660 2030 transitum
691 2002 782 2030 non
811 1988 988 2039 faciatis,
1011 2004 1109 2031 cum
1137 1990 1184 2030 in
1212 1989 1404 2045 capitulo
1434 1990 1630 2041 instanti,
1653 1991 1689 2032 si
1717 1990 1842 2033 Deus>

427 2056 626 2106 voluerit,
661 2056 712 2096 de
744 2060 896 2098 mutuo
930 2057 1142 2111 colloquio
1174 2057 1309 2098 simus
1343 2058 1391 2098 in
1424 2057 1598 2099 Christo
1629 2058 1835 2114 gavisuri.

427 2122 587 2164 Valeat
616 2123 817 2179 benignae
851 2125 1132 2179 paternitatis
1161 2128 1319 2167 vestrae
1349 2125 1558 2167 serenitas
1578 2125 1627 2166 in
1649 2125 1833 2178 Christo,

425 2193 503 2232 etc.

997 2315 1249 2359 CCXLIII.

429 2423 589 2466 Fratri
627 2423 839 2478 Gregyorio
875 2424 1038 2466 Fo=ater
1070 2424 1179 2466 Acla
1212 2424 1407 2467 salutem
1441 2423 1499 2466 in
1542 2423 1756 2475 Domino,
1794 2427 1833 2467 et

558 2490 883 2546 sempiternam
914 2491 1099 2534 sincere&
1127 2491 1385 2534 dilectionis
1414 2490 1699 2547 affectionem.

489 2584 742 2626 Coarctavit
768 2584 969 2639 spiritum
994 2585 1132 2626 cordis
1163 2585 1250 2626 mei
1272 2585 1406 2626 anxia
1427 2585 1673 2626 sollicitudo
1704 2599 1833 2641 super

206 2635 245 2667 of
262 2635 390 2677 finding
429 2651 545 2693 facto
576 2651 762 2693 ecclesiae
793 2651 845 2693 de
898 2652 1159 2708 Kemesyng.
1239 2652 1351 2695 Cum
1392 2653 1508 2693 enim
1539 2656 1734 2694 occurrat
1764 2666 1831 2694 or-

206 2689 225 2711 a
239 2678 375 2712 suitable

475 2827 484 2846 ¹
509 2827 558 2860 Of
575 2827 641 2860 this
656 2826 784 2869 dispute
800 2831 834 2859 at
850 2826 1092 2870 Searborough‚
1109 2837 1162 2861 see
1181 2827 1360 2862 Grostete’s
1375 2828 1489 2862 Letter
1498 2827 1535 2860 in
1550 2828 1606 2861 the
1620 2827 1815 2871 Appendix.
1830 2825 1835 2829 ”
