1905 3180
609 260 842 292 FPISTOLAE.
1339 248 1424 294 417

29 378 74 420 in
108 377 248 428 tertia,
272 377 410 432 primo
446 376 730 432 Principatus,
767 378 951 418 secundo
990 377 1259 433 Archangeli,
1296 377 1426 418 tertio

27 446 194 502 Angeli,
242 445 322 485 sub
364 459 450 486 uno
505 445 643 486 divini
695 445 962 500 principatus
1005 445 1178 499 fastigio
1220 445 1428 486 (1011οο1111-

26 518 127 564 tur3
174 513 237 553 ita
281 526 378 553 cum
422 512 672 553 Altissimus
711 512 840 553 Pater
871 513 1147 567 unigenitum
1183 513 1343 554 Filium
1376 513 1428 552 de

28 581 143 624 coelis
187 595 213 622 a
258 580 474 635 regalibus
506 580 678 621 sedibus
711 580 985 621 introducens
1032 580 1077 621 111
1113 581 1261 622 orbem
1294 583 1431 621 terra-

27 664 133 700 rum,
166 651 216 689 ut
238 648 312 703 qui
344 648 458 688 solus
480 647 605 689 novit
638 647 829 688 ordinem
863 648 959 689 coeli
992 648 1048 688 ad
1071 649 1430 703 complementum

28 716 312 759 beatitudinis
344 718 523 771 poneret
554 715 770 756 rationem
816 715 907 769 ejus
938 716 985 756 in
1018 719 1145 762 terra,
1190 716 1283 757 fieri
1325 730 1431 771 pra:-

29 785 140 841 cepit
176 784 507 826 tabernaculum
550 783 789 825 secundum
832 784 1055 839 exemplar
1091 783 1208 838 quod
1241 783 1276 825 ei
1314 798 1434 824 mon-

30 856 214 895 stratum
242 855 307 893 est
339 852 385 892 in
419 854 580 902 monte,
625 854 843 906 quatenus
868 851 1002 906 juxta
1034 851 1327 893 imitationem
1370 866 1433 892 ec-

30 921 164 963 clesiae
211 919 525 975 triumphantis
569 919 836 961 militantem
878 919 1098 961 ecclesiam
1140 922 1228 961 tres
1269 920 1433 960 hierar-

29 989 142 1038 chiae,
182 1003 256 1044 per
290 990 378 1029 tres
414 990 599 1030 aeternos
634 987 804 1029 ordines
839 987 1159 1040 discriminatae,
1193 988 1272 1029 sub
1304 988 1431 1029 unico

29 1056 183 1099 summi
239 1056 458 1112 pontificis
506 1055 767 1111 principatu,
814 1056 1088 1112 integraliter
1146 1056 1432 1107 constituant,

29 1128 79 1167 ut
116 1125 173 1166 sit
203 1124 355 1180 primae
396 1123 649 1165 hierarchiae
680 1123 933 1178 primitivus
976 1124 1080 1165 ordo
1112 1124 1353 1166 consistens
1385 1124 1433 1165 in

30 1192 275 1235 hominibus
317 1191 573 1247 apostolicis,
619 1192 831 1233 secundus
874 1192 920 1233 in
957 1192 1299 1248 prophetalibus,
1345 1195 1434 1233 ter-

31 1261 117 1303 tius
157 1261 203 1302 in
239 1260 627 1316 patriarchalibus3
660 1260 815 1303 mediae
847 1275 949 1302 Vero
982 1260 1147 1316 primus
1178 1260 1225 1301 in
1256 1260 1434 1313 pontifi-

32 1329 203 1379 calibus,
247 1328 458 1370 secundus
500 1328 546 1369 in
580 1328 929 1378 sacerdotalibus,
966 1329 1122 1369 tertius
1154 1329 1200 1369 111
1237 1329 1434 1369 diacona-

31 1397 172 1449 libus3
214 1400 525 1452 postremaeque
570 1396 735 1452 primus
777 1396 824 1437 in
861 1396 1088 1452 regalibus,
1132 1396 1344 1437 secundus
1388 1397 1435 1436 in

33 1465 320 1523 popularibus,
351 1466 508 1507 tertius
544 1466 590 1507 in
622 1464 1013 1522 poenitentialibus.
1079 1465 1226 1520 Igitur
1259 1464 1433 1506 divinas

34 1533 373 1577 illuminationes
395 1533 591 1576 coelestes
634 1533 769 1576 animi
807 1533 1011 1575 revelatis
1043 1533 1174 1575 oculis
1212 1533 1257 1574 in
1291 1547 1436 1588 super-

36 1601 285 1658 splendente
333 1601 527 1657 ipsarum
576 1602 742 1643 vertice
788 1601 1090 1657 limpidissime
1145 1601 1436 1656 contemplari-³

35 1673 114 1721 tur,
140 1673 184 1711 et
214 1685 240 1711 a
270 1670 562 1725 superioribus
595 1671 727 1712 etiam
761 1670 806 1711 in
838 1669 1061 1711 inferiores
1094 1669 1436 1711 hierarchiarum

39 1738 206 1780 ordines
253 1738 573 1780 ordinatissime
616 1739 838 1780 derivatas
882 1738 929 1778 in
972 1737 1257 1780 hierarchicos
1308 1737 1438 1779 eccle-

41 1806 224 1848 siasticae
279 1806 573 1848 institutionis
626 1807 810 1857 ordines,
858 1805 1093 1848 secundum
1142 1820 1265 1847 suam
1314 1820 1438 1861 capa-

40 1875 223 1924 citatem,
282 1888 358 1930 per
413 1889 536 1916 suam
597 1875 906 1917 mediationem
958 1873 1303 1923 transfundunt3
1360 1887 1436 1929 per

41 1957 143 1998 quas
175 1942 229 1984 ad
263 1942 405 1984 Deum
438 1943 674 1985 earundem
707 1942 883 1984 Patrem
921 1942 1304 1992 illuminationum,
1339 1955 1438 1983 con-

41 2011 186 2061 versio,
228 2025 399 2053 sursum
446 2012 569 2061 actio,
614 2011 958 2059 communicatio,
1002 2010 1144 2051 unitio
1191 2012 1437 2051 nostrorum

43 2079 291 2128 animorum,
337 2079 735 2120 manuducentibus
782 2078 978 2134 supernis
1027 2078 1264 2133 spiritibus,
1307 2080 1351 2118 et
1383 2077 1438 2117 ab

43 2147 199 2189 infimis
256 2161 393 2202 usque
471 2148 525 2189 ad
585 2161 774 2188 summos
838 2145 1197 2202 promoventibus
1259 2145 1440 2186 feliciter

5 2262 7 2266 Α
44 2218 373 2257 consummatur.
437 2214 638 2256 Summas
671 2218 817 2256 autem
850 2214 1057 2256 essentias
1079 2213 1440 2269 supermundanae

44 2282 286 2325 hierarchiae
335 2283 607 2325 Salvatorem
664 2282 915 2324 immediate
974 2282 1199 2323 docentem
1251 2281 1442 2323 ostendit

47 2350 190 2402 Isaias,
211 2365 307 2392 cum
329 2352 499 2393 easdem
532 2351 772 2393 introducit
801 2350 853 2392 de
884 2350 1103 2405 mysteriis
1134 2349 1442 2405 redemptionis

49 2418 102 2459 ad
148 2418 333 2460 invicem
387 2419 677 2475 disquirentes
728 2419 796 2460 his
837 2418 993 2470 verbis,
1048 2422 1069 2439 “
1090 2417 1197 2469 Quis
1239 2421 1304 2458 est
1347 2417 1440 2466 iste,

12 2525 14 2530 .
52 2490 73 2507 “
103 2486 176 2541 qui
208 2487 330 2528 venit
377 2487 429 2530 de
478 2487 629 2537 Edom,
675 2487 828 2529 tinctis
877 2485 1073 2528 vestibus
1118 2485 1170 2527 de
1219 2484 1384 2526 Bosrah
1403 2484 1442 2526 2''

51 2552 242 2595 divinam
289 2554 468 2596 Domini
515 2555 619 2597 Jesu
665 2555 937 2596 subinferens
980 2553 1310 2610 responsionem,
1343 2567 1437 2594 cum

52 2619 165 2672 dicit,
215 2625 237 2643 “
252 2622 345 2677 Ego
378 2623 452 2678 qui
496 2623 649 2678 loquor
701 2622 936 2678 justitiam,
970 2628 1012 2663 et
1056 2624 1353 2677 propugnator
1385 2620 1440 2660 ad

53 2691 74 2710 “
104 2689 398 2732 salvandum.”
462 2691 589 2743 Quod
610 2705 713 2733 vero
736 2706 761 2731 a
792 2689 1084 2746 superioribus
1115 2688 1356 2730 coelestium
1379 2702 1440 2728 es-

18 2752 20 2762 '
53 2757 285 2799 sentiarum
306 2758 529 2801 inferiores
551 2759 723 2802 ordines
756 2758 926 2799 divinas
947 2757 1160 2813 recipiant
1182 2755 1440 2805 influentias,

53 2822 241 2878 loquitur
261 2825 418 2867 iterum
440 2827 651 2883 propheta
675 2826 823 2878 Isaias,
847 2825 923 2866 ubi
948 2825 1081 2866 refert
1115 2829 1287 2864 “unum
1322 2822 1444 2864 Sera-

68 2893 89 2911 “
118 2891 235 2947 phim
258 2893 460 2936 clamasse
483 2895 538 2936 ad
572 2894 794 2945 alterum,’'
818 2894 1046 2935 ostendens
1083 2892 1208 2946 plane
1241 2891 1444 2945 quoniam

1177 2970 1207 3001 D
1240 2969 1270 2999 D
