1905 3180
666 233 898 263 icvlsronn.
1390 221 1471 261 '135

82 349 256 397 tonam3
311 347 518 402 magister
563 348 717 389 Petrus
767 349 818 389 de
865 347 1022 388 Aldam
1072 346 1287 393 sliam-mus,
1323 358 1476 400 propo-

80 415 213 456 situm
276 417 325 455 ut
376 429 471 456 reor
523 416 684 457 habens
736 415 1016 471 personaliter
1074 413 1283 468 vigilandi
1348 426 1476 466 super

79 496 253 538 gregem
300 497 429 537 quem
474 484 712 524 curandum
757 484 972 538 suscepit3
1025 481 1231 536 magister
1264 480 1475 521 Ricardus

82 549 311 592 Cornubiae
358 550 655 599 subdiaconus,
690 555 845 592 vestra¹
891 549 1146 605 paternitati
1202 563 1285 588 non
1333 548 1476 602 incog—

78 616 209 669 nitus,
242 617 462 659 idiomatis
495 619 667 675 Anglici
716 634 862 660 carens
894 617 1265 673 promptitiuline3
1300 616 1475 656 omnino

79 685 164 726 viri
208 687 547 728 conversationis
597 687 801 737 honestae,
836 687 1101 741 integraeque
1147 684 1371 739 opinionis,
1405 682 1476 722 lit-

78 753 183 794 teris
215 767 384 809 quoque
429 754 629 795 humanis
661 758 705 796 et
736 753 897 795 divinis
938 753 1112 794 eruditi.
1177 749 1476 792 Desiderabile

80 820 163 861 erit
199 821 234 862 si
279 822 523 877 specialiter
565 822 645 863 filii
683 821 817 863 vestri
851 821 1051 876 Magistri
1087 819 1268 861 Roberti
1301 819 1352 859 de
1386 818 1476 858 Ma-

80 888 187 930 risco
240 889 488 944 inceptioni,
543 893 640 945 post
688 889 1033 945 purificationem
1077 888 1224 929 Beatze
1269 885 1474 941 Virginis,

81 956 267 998 officium
319 957 574 999 eruditionis
626 957 926 1012 impendendae
982 957 1027 997 in
1089 955 1250 997 divinis
1296 953 1476 1009 eloquiis

81 1024 315 1066 divinitate
346 1026 536 1081 propitia
567 1026 816 1081 suscepturi,
839 1024 1167 1080 personabiliter
1198 1022 1478 1078 praesidentes

80 1092 227 1134 adesse
279 1093 517 1135 volueritis.
584 1094 704 1149 Rogo
757 1092 1011 1149 significetis
1064 1092 1169 1147 quid
1221 1106 1347 1146 super
1398 1090 1478 1131 hoc

81 1160 173 1201 fieri
226 1160 489 1203 censueritis.
574 1161 865 1202 Morabimtur
915 1159 1151 1202 secundum
1202 1159 1318 1214 quod
1365 1157 1479 1199 ordi-

81 1232 234 1269 natum
266 1232 331 1270 est
363 1231 469 1285 puto
502 1244 598 1270 cum
641 1228 815 1269 domino
850 1227 1154 1270 Oantuariensi
1200 1226 1333 1266 frater
1373 1224 1479 1265 Gre-

80 1296 226 1351 gorius
258 1311 334 1352 pro
366 1295 687 1352 praedicationis
719 1296 866 1343 officio,
898 1296 1106 1350 magister
1139 1292 1397 1334 Eustachius
1426 1292 1479 1332 de

82 1363 173 1405 Len
201 1379 278 1420 pro
311 1364 446 1405 officio
479 1363 770 1405 cancellariae.l
822 1363 921 1403 Erit
952 1363 1088 1418 igitur
1119 1375 1258 1416 operae
1291 1360 1477 1416 pretium

80 1435 131 1472 ut
162 1431 395 1473 secundum
428 1431 543 1486 quod
575 1431 752 1472 dabitur
788 1430 1090 1486 opportunitas
1124 1428 1319 1483 utrisque
1366 1427 1478 1468 salu-

80 1499 228 1541 tiferas
276 1499 610 1550 exhortationes,
657 1502 747 1539 tam
794 1513 870 1554 per
917 1498 1188 1554 scripturam,
1223 1511 1353 1551 quam
1397 1495 1480 1536 elo-

83 1568 231 1623 quium
266 1567 496 1623 diligenter
527 1566 730 1609 exhibere
762 1566 989 1615 studeatis,
1028 1569 1159 1621 prout
1191 1563 1480 1606 aemulationis

82 1636 262 1678 fervidae
294 1635 600 1691 circumspecta
634 1634 836 1676 discretio
870 1634 995 1675 vobis
1028 1633 1297 1689 suggesserit.

143 1703 298 1745 Valeat
346 1707 502 1745 vestrae
556 1702 844 1744 beatitudinis
892 1702 1168 1743 incolumitas
1219 1701 1265 1741 in
1308 1700 1481 1742 Christo

83 1787 249 1827 semper
292 1775 337 1814 et
366 1771 616 1813 beatissima
657 1770 844 1825 Virgine.
924 1769 1132 1824 Magister
1163 1769 1191 1809 J
1196 1768 1384 1809 ohannes
1429 1767 1481 1807 de

85 1839 312 1882 Schersted
355 1842 495 1880 rector
538 1837 722 1880 ccclesia:
767 1837 819 1878 de
862 1836 1158 1891 Pokelingtun
1201 1835 1482 1890 personaliter

85 1907 441 1962 superintendens
485 1906 592 1948 ovili
640 1905 853 1946 dominico
900 1904 982 1945 sibi
1030 1903 1265 1951 commisso,
1312 1903 1379 1943 vir
1430 1905 1481 1942 ut

86 1975 254 2016 {estimo
287 1974 431 2016 zelans
472 1974 649 2021 animas,
697 1972 865 2027 sapiens
907 1975 951 2013 et
982 1986 1153 2026 gnarus,
1192 1971 1260 2012 cui
1305 1984 1480 2011 conver-

86 2042 198 2084 satio
230 2042 412 2098 probata
444 2045 509 2082 est
534 2042 579 2082 in
611 2040 812 2082 tribubus
843 2039 942 2090 suis,
966 2039 1156 2080 creditur
1186 2039 1274 2080 fore
1303 2038 1481 2079 idoneus

86 2110 142 2152 ad
175 2125 303 2151 onera
344 2108 626 2150 ecclesiastica
662 2122 928 2163 quaecimque
960 2107 1101 2148 eidem
1133 2106 1403 2162 imponenda,
1438 2110 1481 2147 et

86 2192 163 2234 per
194 2178 339 2219 omnia
370 2177 543 2218 sedulus
574 2177 619 2217 in
651 2176 899 2231 operatione
931 2175 1093 2216 salutis.

149 2245 317 2287 Solidos
354 2244 451 2286 illos
489 2244 697 2286 tredecim
730 2258 835 2298 quos
866 2243 1000 2285 vestri
1041 2242 1184 2298 gratia
1220 2242 1482 2298 przecepistis
1501 2249 1573 2281 The
1591 2259 1671 2290 poor

1502 2294 1655 2325 Scholars
1669 2294 1703 2324 in

89 2313 141 2354 de
173 2313 444 2367 eleemosyna
484 2315 630 2353 vestra
671 2311 826 2352 deferri
869 2310 1096 2361 Oxoniam,
1139 2311 1194 2351 ad
1235 2326 1340 2366 opus
1378 2324 1482 2365 pau-
1502 2338 1632 2370 Oxford

87 2395 238 2437 perum
290 2380 558 2429 scholarium,
612 2379 694 2435 ipsi
745 2379 939 2420 nondum
996 2382 1306 2435 perceperunt3
1369 2377 1484 2433 quod
1502 2383 1566 2413 had
1582 2387 1639 2413 not
1655 2391 1705 2412 re-

1502 2427 1615 2458 ceived
1630 2426 1685 2457 the

88 2449 201 2490 forte
247 2463 322 2504 per
363 2448 625 2490 oblivionem
669 2450 735 2489 est
777 2447 990 2489 omissum.
1065 2446 1321 2488 Carissimus
1352 2446 1485 2486 frater
1507 2474 1573 2501 133.-
1592 2470 1644 2500 in-

89 2516 118 2558 J
122 2516 311 2558 ohaimes
333 2516 385 2557 de
409 2515 644 2557 Stanford2
667 2516 713 2556 in
741 2515 952 2570 proximo,
977 2514 1151 2556 domino
1185 2514 1302 2563 duce,
1328 2513 1383 2555 ad
1408 2528 1485 2554 vos
1502 2515 1623 2590 ξὲἓὲιθᾶ
1639 2514 1690 2544 for

89 2584 236 2626 veniet
288 2584 581 2639 Bugedenum,
631 2583 780 2625 coelica
823 2583 1163 2624 consolationum
1207 2582 1362 2623 solatia
1403 2596 1483 2636 pus

90 2652 364 2707 conceptibus
395 2651 641 2692 sanctitatis
672 2653 828 2692 vestrae
861 2650 1261 2691 communicaturus.

151 2719 221 2760 Sit
252 2719 375 2761 vobis
406 2719 623 2774 profectus
652 2718 820 2774 jugiter
856 2733 932 2773 per
977 2732 1125 2773 pacem
1171 2717 1218 2759 in
1265 2716 1404 2767 terris,
1437 2719 1482 2757 et

89 2787 271 2842 gloriam
302 2787 347 2827 in
378 2786 565 2828 excelsis.

132 2908 358 2950 ¹Seep.ll4.
775 2907 779 2951 Ι
848 2908 936 2941 2see
954 2918 982 2949 p.
1005 2910 1055 2940 71.
