1905 3180
455 251 542 289 400
941 257 1048 288 ADAE
1081 259 1142 289 DE
1173 259 1370 291 MARISco

452 375 691 423 Radenore,
722 376 887 415 rectore
930 372 1117 415 eeclesiae
1150 373 1315 415 Christi
1346 375 1399 416 de
1422 374 1663 431 Olopham‚¹
1696 379 1856 420 vestrae

451 442 643 496 supplico
675 441 909 490 dilectioni,
943 455 1100 496 rogans
1132 441 1347 482 attentius
1380 446 1596 497 quatenus
1632 444 1772 486 eidem
1808 445 1857 486 in

450 510 637 564 negotio,
670 509 786 563 quod
826 508 928 563 ipse,
966 508 1002 548 si
1043 508 1195 563 placet,
1232 509 1357 550 vobis
1388 510 1493 551 viva
1529 525 1632 553 voce
1673 515 1739 553 est
1780 527 1858 554 ex-

449 576 680 632 positurus,
725 576 867 630 quoad
911 576 1005 617 fieri
1046 576 1211 630 poterit
1252 576 1438 618 veritate
1490 579 1656 633 praevia
1701 582 1745 620 et
1791 580 1859 620 in-

450 644 613 686 offensa
650 643 839 698 justitia,
872 643 1076 684 salutaris
1118 644 1286 684 consilii
1329 648 1374 686 et
1415 644 1595 687 efficacis
1636 646 1855 701 adjutorii,

442 713 578 767 juxta
611 712 805 753 caritatis
841 714 998 752 vestrae
1035 711 1473 766 circumspectionem,
1504 712 1652 755 velitis
1688 715 1854 770 impen-

450 780 559 821 dere.

507 847 665 888 Valeat
726 849 873 888 vestra
924 846 1172 901 benignitas
1235 846 1283 886 in
1348 846 1523 889 Christo
1574 863 1744 905 semper
1807 853 1852 892 et

446 914 698 955 beatissima
739 914 930 969 Virgine.
1008 913 1434 955 Reverendissimum
1485 918 1666 970 patrem,
1716 917 1854 958 domi-

446 997 554 1022 num
586 982 630 1022 N
633 981 673 1030 „2
707 981 893 1022 ecclesiae
930 980 1092 1022 Christi
1136 981 1389 1024 Cantuariae
1429 983 1618 1038 priorem
1654 984 1853 1039 filiosque

444 1053 612 1091 vestros
635 1048 838 1104 obsequio
859 1048 944 1089 mei
977 1063 1080 1104 rogo
1102 1049 1314 1099 salutetis,
1336 1044 1688 1092 insufficientiam
1710 1066 1852 1093 meam

445 1117 526 1172 piis
557 1118 748 1172 ipsorum
780 1116 1053 1158 orationibus
1083 1117 1493 1160 recommendantes

1020 1307 1283 1350 CCXXXV.

754 1427 915 1470 Fratri
955 1428 1014 1471 W.
1037 1429 1207 1471 Bellum
1237 1428 1399 1471 Frater
1429 1427 1550 1471 Ada.

222 1598 250 1608 η
506 1548 769 1591 Laetificavit
796 1564 865 1590 me
907 1549 1011 1590 laeta
1042 1549 1192 1590 littera
1222 1548 1388 1589 latioris
1421 1547 1570 1589 animi.
1635 1547 1851 1589 Laetificet

222 1598 359 1674 3¹¹1}anssss
374 1644 425 1676 his
443 1631 520 1657 vos
555 1617 712 1658 laetitia
745 1617 1008 1672 sempiterna
1048 1617 1299 1658 latitudinis
1340 1617 1576 1657 immensae.
1642 1614 1848 1670 Magnjfi-

222 1686 393 1737 interpqsi-
443 1685 595 1726 centias
632 1685 838 1740 reginalis
871 1684 1041 1725 liberali
1077 1685 1233 1739 gratiae
1265 1698 1513 1724 mensuram
1545 1682 1850 1738 supereffluen-

221 1732 431 1807 ξῗᾷῃῇᾜῗοῑ
442 1756 531 1793 tem
566 1753 826 1793 inexhausta
866 1752 1040 1807 largitio
1074 1752 1295 1806 rependat,
1333 1765 1419 1802 oro,
1463 1765 1540 1806 pro
1581 1750 1850 1791 indeficienti

220 1819 393 1852 (jornwall.
442 1820 673 1861 fontalium
726 1819 1032 1861 beneficiorum
1075 1818 1307 1860 affluentia.
1388 1818 1658 1859 Indefessam
1691 1818 1848 1859 seduli-

441 1888 547 1929 tatis
583 1891 741 1929 vestrae
783 1887 1089 1929 strenuitatem
1138 1886 1342 1928 clementi
1386 1901 1553 1941 semper
1594 1886 1848 1941 dignatione

440 1956 680 2011 respiciens,
712 1970 789 2011 pro
824 1970 873 1996 eo
911 1955 1026 2009 quod
1067 1954 1419 1995 insufficientiam
1456 1968 1598 1995 meam
1629 1953 1747 2008 apud
1780 1954 1847 1994 in-

440 2024 606 2078 clytum
644 2023 845 2065 comitem
890 2021 1125 2064 Cornubiae
1170 2021 1329 2063 efficaci
1373 2021 1601 2076 diligentia
1642 2035 1845 2062 excusare

439 2091 680 2139 studuistis,
704 2089 914 2146 dignum3
936 2090 1180 2131 dilectionis
1200 2093 1358 2131 vestr-ee
1382 2088 1486 2130 fidei
1515 2091 1701 2144 quantas
1721 2088 1845 2129 valeo
1903 2112 1905 2134 j

437 2157 575 2199 refero
596 2159 837 2212 gratiarum
859 2158 1057 2198 actiones.
1099 2157 1210 2199 Cum
1233 2171 1318 2211 quo
1340 2156 1577 2205 vobiscum,
1601 2156 1713 2197 sicut
1740 2156 1845 2196 insi·
1902 2175 1905 2216 3

438 2226 620 2276 nuastis,
644 2240 731 2266 non
756 2225 1031 2266 mediocriter
1051 2225 1287 2280 gauderem
1315 2224 1475 2265 habere
1505 2223 1782 2278 colloquium,
1806 2223 1842 2264 si
1900 2230 1905 2254 ‘2

437 2293 531 2340 loci,
555 2296 599 2333 et
632 2292 848 2347 temporis,
884 2296 927 2334 et
959 2293 1143 2333 aliarum
1176 2292 1604 2333 circumstantiarum
1638 2291 1843 2346 optabilis
1900 2294 1905 2311 ³¹

437 2360 724 2401 interveniret
758 2361 1072 2415 opportunitas,
1097 2375 1228 2415 quam
1251 2360 1307 2401 ad
1335 2374 1524 2415 praesens
1557 2362 1839 2414 apparentem

441 2442 531 2468 non
563 2426 791 2468 advert014
832 2429 1073 2482 przesertim
1116 2442 1211 2469 cum
1249 2427 1479 2469 memorati
1514 2427 1681 2467 domini
1717 2427 1845 2468 comi-

436 2495 493 2536 tis
536 2498 712 2544 statum,
751 2510 879 2550 quem
920 2510 1170 2550 prosperum
1204 2495 1336 2537 faciat
1378 2495 1602 2536 Divinitas
1633 2493 1833 2550 propitia,

481 2702 675 2741 ¹Clapham,
702 2700 735 2732 iu
761 2701 1002 2732 Bedsordshire.
1035 2701 1098 2732 Af-
1199 2701 1302 2732 2Nic.
1335 2699 1523 2737 Sandwkeh,
1562 2699 1653 2740 prior
1687 2701 1771 2730 1244
1802 2702 1835 2729 to

439 2811 532 2838 1256.
1212 2808 1224 2824 ³
1249 2806 1313 2837 Sic.

434 2755 591 2785 tcrwards
623 2754 748 2793 Bishop
794 2754 831 2783 of
871 2754 1033 2791 Llandaff,
1067 2753 1099 2783 in
1171 2757 1264 2784 1258.
1313 2753 1373 2785 See
1390 2756 1518 2793 p.211.
1880 2772 1884 2855 l

1214 2858 1225 2875 ¹
1249 2861 1366 2897 averto,
1385 2856 1459 2889 MS.

1874 3025 1878 3082 l

1873 3090 1876 3098 u

1874 3152 1875 3161 x
