1905 3180
445 257 527 297 592
985 266 1224 296 APPENDIX
1259 266 1320 297 xi.

444 388 648 444 “primis
700 389 862 430 vicario
914 388 1030 440 iiii‘l3
1083 389 1235 431 clerico
1287 389 1362 440 ii·¹;
1414 389 1603 431 sacrista}
1645 404 1722 445 pro
1765 403 1841 429 suo

444 462 465 476 “
499 456 636 498 officio
678 455 753 507 ii‘¹;
796 456 974 497 cuilibet
1021 458 1190 498 custodi
1232 457 1416 498 ecclesiae
1463 472 1540 512 pro
1577 472 1654 498 suo
1698 457 1843 497 labore
1904 464 1905 487 ³

443 529 463 544 <a

497 523 572 564 111⁶.
620 524 859 565 Residuum
902 538 1004 565 vero
1037 525 1252 566 commodi
1285 539 1425 566 vaccae
1471 525 1665 580 praefat-ee
1708 539 1844 565 rema-
1904 538 1905 542 ¹

442 596 465 613 “
496 592 619 633 nebit
667 592 723 633 ad
772 592 978 634 fabricam
1025 593 1210 636 ecclesiae
1254 593 1301 634 in
1344 596 1601 649 perpetuum
1645 607 1844 648 perman-

444 664 466 680 (ί

498 659 684 702 surum.'’

1099 777 1182 836 §L

443 864 555 915 Heu,
590 867 758 920 quanta
789 864 1000 907 desolatio
1032 864 1207 920 Angliae
1238 869 1482 920 praestatur²

442 933 577 988 Cujus
608 947 789 989 regnum
822 932 1050 988 quodlibet
1080 932 1181 973 hinc
1212 932 1313 974 inde
1344 933 1547 985 minatur,

443 1001 501 1042 Et
532 1000 662 1055 hujus
694 1001 919 1057 navigium
952 1016 1061 1058 pene
1093 1005 1431 1056 conquassatur!

442 1069 643 1125 Regnum
677 1084 754 1111 nec
786 1069 939 1111 exsilio
972 1084 1050 1112 nec
1081 1083 1159 1125 ope
1186 1069 1382 1124 juvatur.

440 1205 561 1247 With
596 1220 652 1246 an
686 1205 723 1247 O
756 1206 842 1247 and
874 1221 930 1247 an
963 1205 996 1256 Ι,
1032 1220 1119 1261 prae
1151 1205 1295 1247 dolore
1328 1204 1540 1260 vent[r]is

441 1273 588 1315 Meum
615 1275 710 1329 jam
742 1274 968 1316 consilium
993 1273 1112 1329 jacet
1143 1274 1189 1314 in
1220 1274 1266 1315 vi
1298 1273 1466 1315 mentis.

441 1342 527 1383 Sed
559 1343 614 1383 ad
646 1343 953 1398 poenitentiam
985 1345 1212 1384 convertat
1245 1341 1363 1383 Deus
1395 1344 1580 1397 gentem,

441 1410 499 1451 Et
532 1410 691 1466 dirigat
723 1410 936 1452 divinitus
968 1410 1106 1451 nostri
1137 1410 1249 1465 regis
1281 1413 1482 1459 mentem,

441 1477 508 1519 Ut
540 1482 785 1520 tortuosum
817 1478 957 1519 lucide
989 1480 1218 1533 cognoscat
1249 1481 1493 1532 serpentem

442 1545 668 1587 Monachis
700 1550 743 1588 et
774 1545 981 1587 fratribus
1011 1545 1273 1601 hypocrisim
1305 1545 1525 1587 latentem.

441 1682 566 1724 With
597 1697 654 1724 an
689 1681 727 1725 O
760 1682 848 1723 and
880 1697 935 1722 an
969 1682 1002 1732 I,
1038 1696 1092 1723 ne
1124 1681 1221 1723 istis
1254 1681 1468 1731 attendat,

441 1750 699 1792 Sanctorum
732 1750 870 1791 oratio
903 1749 958 1791 ad
990 1749 1119 1791 coelos
1151 1750 1366 1792 ascendat.

441 1819 495 1859 In
528 1833 606 1860 nos
638 1818 890 1874 pestilentia
922 1832 1039 1859 saeva
1065 1816 1155 1872 jam
1190 1818 1343 1859 crescit

440 1887 568 1938 Quod
600 1887 793 1927 virorum
825 1885 1005 1927 fortium
1031 1885 1125 1941 jam
1158 1886 1342 1941 populus
1374 1885 1589 1927 decrescit.

441 1955 548 2006 Quae
582 1955 765 1997 diversis
796 1954 994 2010 partibus
1025 1954 1166 1994 adhue
1196 1953 1424 1995 invalescit

442 2023 553 2065 Cum
585 2026 733 2064 noster
759 2022 929 2077 jubilus
961 2022 1159 2064 totaliter
1190 2022 1374 2063 recessit.

440 2159 564 2201 With
596 2174 653 2200 an
686 2159 722 2201 O
756 2159 842 2200 and
875 2174 930 2200 an
962 2158 998 2208 I,
1032 2157 1133 2199 huic
1164 2158 1295 2198 finem
1328 2158 1478 2207 ruinae,

437 2227 590 2268 Addat
621 2227 696 2282 qui
728 2241 953 2282 supremus
985 2230 1059 2275 est,
1094 2229 1244 2266 auctor
1274 2225 1508 2267 medicinae.

438 2294 494 2335 In
526 2294 718 2350 maligno
750 2295 918 2349 positus
950 2308 1066 2335 nunc
1097 2297 1163 2335 est
1195 2294 1385 2334 mundus
1417 2297 1547 2342 totus,

436 2363 478 2402 A
504 2362 611 2403 viris
644 2361 900 2418 Angligenis
932 2376 1019 2403 non
1050 2365 1116 2403 est
1150 2361 1349 2403 Christus
1380 2365 1509 2403 notus
1526 2378 1535 2412 3

437 2429 520 2471 Pro
553 2433 728 2485 peccato
760 2430 910 2485 populi
942 2430 1066 2470 venit
1099 2433 1228 2471 terrie
1260 2433 1416 2481 motus

438 2497 494 2538 In
524 2497 736 2553 religiosis
762 2497 855 2552 jam
888 2497 1035 2538 nullus
1068 2500 1133 2538 est
1165 2497 1357 2539 devotus.

441 2633 563 2674 With
594 2647 650 2674 an
683 2632 719 2673 O
752 2632 839 2673 and
870 2646 927 2672 an
961 2631 995 2682 I,
1031 2631 1351 2673 debacchantur
1383 2633 1496 2674 servi

437 2700 496 2742 Et
528 2701 575 2742 in
607 2714 753 2741 servos
785 2699 966 2740 Domini
996 2699 1128 2740 nimis
1160 2703 1265 2741 sunt
1296 2701 1514 2755 protervi:

437 2768 491 2809 In
523 2768 604 2809 hoc
635 2772 763 2809 terra}
794 2770 918 2807 motu
949 2767 1003 2807 ab
1035 2767 1141 2808 hora
1174 2767 1269 2818 diei,

437 2835 552 2888 Quia
584 2840 690 2878 tunc
722 2837 1014 2877 convenerant
1046 2835 1207 2885 scribae,
1243 2835 1462 2885 Pharis-fei,

1802 1556 1842 1585 10

1799 1966 1837 1994 15

1795 2374 1837 2402 20
