1905 3180
0 1979 1 1986 ¹
54 1974 62 1990 C
68 1974 76 1990 ί

6 2389 8 2394 x
59 2379 67 2395 t
72 2380 80 2395 C

618 284 852 315 EP1sToLAE.
1352 278 1437 316 425

46 415 68 432 “
100 410 172 465 qui
203 408 422 463 marsupia
453 421 541 449 non
574 407 849 458 exhauriant,
883 407 957 448 sed
990 407 1119 448 corda
1168 408 1365 448 reficiant
1397 412 1441 448 ct

49 483 70 499 “
102 477 280 519 crimina
323 476 554 532 corrigant,
602 476 729 517 famae
766 475 1027 531 provideant
1069 491 1170 525 sua),
1204 491 1282 517 nec
1329 476 1441 516 invi-

48 550 70 568 “
101 545 232 586 deant
263 544 446 595 alien2e3
483 544 557 599 qui
590 543 741 584 orandi
783 543 978 584 studium
1010 543 1200 584 habeant
1242 547 1286 584 ct
1320 558 1442 584 usum

48 617 68 635 “
99 615 265 668 gerant,
313 615 358 653 et
401 612 452 652 de
489 611 607 652 omni
651 625 696 652 re
741 610 836 666 plus
881 610 1069 651 orationi
1116 611 1268 661 fidant,
1314 625 1442 665 quam

48 687 68 702 “
100 695 186 722 sua>
225 679 453 721 industriae
485 679 555 721 vel
597 678 746 720 labori.
825 679 1020 730 Quorum
1062 679 1279 734 ingressus
1330 678 1443 733 paci-

48 754 68 770 “
98 750 211 797 ficus,
245 748 464 789 modestus
496 747 640 789 exitus
672 747 759 798 sit,
802 761 986 802 quorum
1018 761 1157 788 sermo
1201 746 1441 793 aedificatio,

102 830 284 871 quorum
306 815 401 856 vita
425 815 631 870 justitia,
664 829 847 869 quorum
875 815 1110 870 praesentia
1141 817 1296 870 grata,
1341 829 1445 868 quo-

100 899 195 924 rum
227 883 435 924 memoria
465 883 512 923 in
543 883 874 934 benedictione3
913 883 989 938 qui
1021 897 1064 924 se
1100 882 1304 923 amabiles
1336 896 1444 936 pra·-

100 951 231 992 beant
262 965 349 992 non
381 950 514 992 verbo
547 951 621 992 sed
663 965 799 1006 opere,
834 951 1099 992 verecundos
1132 965 1175 991 se
1208 949 1447 991 exhibeant

100 1033 185 1060 non
218 1018 332 1060 fastu
370 1018 443 1059 sed
480 1021 610 1070 actu,
658 1019 732 1074 qui
769 1019 955 1060 humiles
991 1033 1088 1060 cum
1132 1017 1370 1059 humilibus
1403 1020 1446 1057 ct

102 1102 197 1128 cum
229 1086 532 1128 innocentibus
569 1087 822 1128 innocentes
854 1087 984 1129 duros
1022 1087 1128 1127 dure
1165 1086 1443 1140 redarguant,

101 1155 389 1210 malignantes
433 1158 667 1202 coerceant,
702 1155 888 1196 reddant
932 1154 1267 1195 retributionem
1301 1167 1445 1208 super-

100 1222 190 1275 bis3
243 1223 317 1278 qui
368 1236 456 1263 non
508 1223 608 1264 dote
650 1222 797 1264 viduae
835 1226 879 1263 et
923 1222 1188 1278 patrimonio
1236 1220 1443 1263 Crucifixi

100 1291 168 1332 vel
212 1305 266 1342 se,
297 1290 367 1331 vel
397 1305 495 1331 suos
528 1290 668 1332 ditare
712 1290 936 1339 festinent,
969 1290 1106 1346 gratis
1139 1290 1292 1331 dantes
1332 1289 1447 1343 quod

48 1364 69 1380 ‘⁴
99 1358 235 1413 gratis
265 1362 533 1414 acceperunt,
571 1358 709 1415 gratis
740 1359 948 1400 facientes
983 1358 1198 1413 judicium
1242 1357 1447 1412 injuriam

49 1432 70 1447 “
101 1426 378 1482 patientibus,
408 1427 649 1468 vindictam
681 1426 728 1467 in
759 1426 1023 1477 nationibus,
1055 1426 1370 1481 increpationes
1402 1425 1448 1465 in

103 1495 300 1550 populis,
333 1495 408 1550 qui
441 1495 494 1536 de
537 1499 614 1536 tuo
659 1495 846 1550 denique
884 1494 1054 1550 spiritu,
1090 1494 1230 1535 instar
1272 1493 1447 1534 illorum

102 1562 189 1604 lxx.
223 1562 367 1617 Moysi
399 1562 608 1618 accepisse
634 1566 880 1614 cernantur,
907 1576 984 1617 per
1015 1576 1144 1616 quem
1173 1562 1265 1603 sive
1297 1561 1449 1602 absen-

104 1634 167 1672 tes
211 1630 302 1671 sive
339 1634 574 1686 praesentes
623 1630 893 1672 contendant
935 1631 1100 1686 placere
1142 1630 1236 1681 tibi,
1282 1630 1447 1685 placere

106 1698 197 1740 Deo
215 1713 224 1749 ;
276 1699 351 1753 qui
403 1699 458 1741 ad
502 1702 546 1740 te
586 1699 768 1740 redeant
810 1698 987 1754 fatigati
1021 1699 1208 1753 quidem,
1239 1698 1313 1739 sed
1359 1712 1448 1739 non

107 1766 385 1818 suffarcinati,
420 1765 548 1808 simul
588 1766 836 1823 gloriantes,
880 1781 969 1808 non
1012 1767 1128 1821 quod
1165 1766 1331 1808 curiosa
1373 1779 1448 1806 seu

106 1834 293 1890 pretiosa
335 1849 516 1890 quaeque
559 1838 777 1876 terrarum
820 1834 1064 1885 attulerint,
1098 1834 1168 1875 sed
1207 1834 1321 1889 quod
1351 1833 1449 1874 reli-

107 1902 280 1957 querint
323 1917 471 1958 pacem
503 1902 658 1958 regnis,
704 1903 844 1958 legem
884 1901 1093 1953 barbaris,
1128 1902 1317 1956 quietem
1360 1915 1449 1941 mo-

105 1970 315 2019 nasteriis,
354 1970 540 2012 ecclesiis
584 1970 791 2021 ordinem,
825 1969 988 2011 clericis
1029 1969 1312 2024 disciplinam,
1356 1969 1449 2009 Deo

0 2058 3 2094 ¹,
55 2041 77 2057 “
107 2039 311 2094 populum
352 2038 659 2094 acceptabilem
696 2041 953 2079 sectatorem
985 2038 1197 2079 bonorum
1236 2035 1450 2093 operum.”

55 2104 111 2146 Et
151 2106 410 2160 quibusdam
458 2106 728 2162 interpositis
781 2106 1012 2161 adjungit:
1081 2111 1102 2125 “
1127 2106 1163 2147 O
1211 2106 1246 2146 si
1292 2105 1450 2146 talium

3 2195 5 2217 ε
56 2177 77 2193 “
107 2173 283 2216 daretur
314 2174 436 2230 copia
467 2174 674 2223 virorum,
709 2174 856 2229 quales
887 2173 1234 2229 perstrinximus,
1269 2173 1373 2228 quid
1408 2176 1451 2213 te

3 2243 6 2293 ζ
56 2244 78 2262 “
108 2241 282 2294 felicius,
319 2242 425 2297 quid
455 2242 530 2284 illo
555 2242 795 2297 jucundius
827 2241 1006 2283 saeoulo!
1071 2241 1229 2283 Nonne
1266 2240 1452 2282 secunda

5 2304 7 2312 ’
58 2311 79 2327 “
109 2307 163 2350 ab
195 2310 442 2351 {eternitate
473 2309 649 2351 illorum
685 2309 769 2351 tibi
801 2312 1046 2365 temporum
1078 2309 1305 2350 beatitudo
1335 2308 1453 2350 vide-

109 2379 238 2427 retur,
287 2392 384 2419 cum
436 2381 492 2430 te,
546 2392 895 2433 quaquaversum
946 2377 1190 2433 procedenS,
1240 2377 1453 2433 stipatum

111 2444 279 2486 Videres
310 2449 402 2487 tam
435 2445 602 2501 inclyto
634 2445 808 2502 agmine
840 2446 1099 2487 beatorum?
1161 2445 1197 2487 O
1228 2445 1264 2486 si
1286 2445 1454 2486 videres

58 2515 80 2532 “
110 2511 156 2552 in
182 2512 277 2554 vita
310 2516 389 2554 tua
416 2513 636 2555 ecclesiam
671 2514 755 2555 Dei
787 2513 949 2555 talibus
982 2512 1182 2554 innixam
1215 2513 1450 2554 columnis!

60 2582 82 2598 “
114 2579 149 2620 O
181 2580 217 2621 si
248 2580 427 2622 Domini
460 2581 527 2622 tui
559 2595 759 2637 sponsam
791 2595 983 2622 cerneres
1014 2584 1152 2622 tantae
1184 2580 1451 2621 commissam

61 2650 82 2665 “
112 2646 222 2698 fidei,
246 2651 383 2690 tantae
418 2649 625 2690 creditam
648 2649 845 2704 puritati,
870 2649 978 2703 quid
1010 2652 1053 2689 te
1086 2648 1267 2700 beatius,
1292 2648 1452 2703 quidve

61 2717 82 2733 “
112 2715 307 2765 securius,
342 2731 438 2757 cum
470 2716 680 2772 ejusmodi
713 2717 823 2757 circa
855 2719 899 2757 te
921 2717 1026 2757 vitae
1058 2719 1146 2757 tuae
1178 2719 1222 2757 et
1256 2715 1454 2756 custodes

113 2786 322 2837 spectares
368 2784 497 2825 simul
537 2788 582 2825 et
622 2788 767 2836 testes,
811 2784 969 2838 quibus
1010 2784 1153 2825 omnia
1190 2787 1267 2825 tua
1310 2797 1454 2823 secure

117 2854 277 2892 secreta
320 2852 622 2902 committeres,
672 2851 1007 2893 communicares
1048 2851 1252 2901 consilia,
1300 2850 1457 2904 quibus

18 2972 19 2980 ἵ
63 2920 83 2936 “
114 2919 157 2958 te
200 2921 342 2960 totum
384 2919 630 2962 refunderes
676 2923 901 2974 tamquam
943 2919 1071 2960 alteri
1114 2918 1228 2969 tibi3
1291 2917 1378 2972 qui,
1420 2917 1456 2958 si

48 821 68 837 (6

48 889 69 905 (ί

47 957 69 973 (ζ

47 1024 70 1040 ί(

48 1091 70 1109 ζ(

50 1160 70 1177 C<

48 1229 69 1244 (ί

49 1296 69 1312 ἐ(

51 1499 72 1515 Η

50 1567 71 1583 66

52 1635 72 1651 (ἐ

52 1701 74 1720 ‘K

54 1770 76 1787 ‘C

55 1839 75 1855 ί(

54 1907 75 1923 1<

59 2448 81 2463 G(

62 2784 83 2801 l(

62 2851 84 2868 <t
