1905 3180
265 387 354 417 Λ,1).

232 435 389 462 1225-50.

202 1191 290 1224 AJ).
313 1196 404 1226 1256.

199 2011 272 2042 The
288 2020 362 2053 say-

199 2055 274 2096 ings
291 2056 329 2086 of
339 2056 394 2087 Fr.

202 2099 345 2142 Ilaymo.

431 251 484 289 50
845 255 1027 288 THOMAS
1059 256 1119 287 DE
1150 255 1411 287 ECCLESTON.
1473 266 1480 274 ¹

432 377 582 432 cipuus
615 375 777 416 zelator
811 373 987 416 Ordinis
1005 390 1014 426 ;
1047 374 1122 429 qui
1158 374 1281 415 venit
1312 374 1358 414 in
1391 372 1597 428 Angliam
1634 374 1826 428 tempore

433 444 601 485 Fratris
647 442 713 483 W.
761 443 813 483 de
858 441 1143 497 Notingham‚
1193 444 1236 482 et
1282 441 1544 496 provinciale
1589 440 1827 496 capitulum

430 511 666 553 celebravit
714 510 911 562 Oxoniae,
950 513 994 551 61
1034 510 1189 551 fratres
1231 510 1287 550 ad
1330 509 1547 550 unitatem
1591 508 1824 559 revocavit,

428 580 504 635 qui
540 579 777 636 praecedere
823 581 998 620 caeteros
1035 578 1082 618 in
1126 576 1357 619 sententiis
1389 576 1683 632 singularibus
1713 576 1828 617 ince-

426 651 591 705 perant.
671 647 758 688 Hic
800 645 1096 688 obedientiam
1137 649 1181 687 et
1215 645 1491 687 honestatem
1540 645 1825 700 Anglicorum

426 716 474 757 in
516 715 717 756 omnibus
758 715 996 770 provinciis
1034 714 1301 769 praedicavit.
1377 713 1476 769 Ipse
1517 713 1671 754 fratres
1706 712 1826 753 Pari-

427 785 515 825 sius
551 783 838 839 personaliter
874 783 921 823 in
961 781 1278 832 Universitate‚
1312 781 1590 837 professionis
1622 780 1827 836 simplici-

425 854 562 892 tatem
598 853 854 906 protestans,
893 853 1095 891 revocata
1129 850 1422 905 appellatione
1459 864 1590 904 quam
1621 848 1825 900 fecerant,

425 919 733 961 reconciliavit.
818 919 916 974 Ipse
978 921 1029 959 ut
1079 918 1271 959 vicissim
1323 917 1524 973 generale
1586 917 1825 972 capitulum

425 988 542 1029 ultra
573 990 741 1028 montes
773 989 818 1027 61
850 987 961 1027 citra
992 985 1295 1037 celebraretur,
1329 985 1559 1026 ordinavit.
1624 984 1824 1037 Demum,

425 1069 513 1096 non
544 1055 696 1096 valens
728 1054 895 1096 diutius
927 1053 1096 1109 pondus
1133 1056 1306 1109 portare
1336 1052 1570 1094 ministerii
1600 1053 1825 1108 generalis,

425 1139 450 1166 a
492 1123 668 1165 domino
707 1122 825 1178 Papa
862 1122 1115 1163 Alexandro
1150 1120 1241 1162 1V.1
1281 1124 1332 1162 ut
1363 1121 1510 1162 cedere
1541 1123 1685 1176 posset
1717 1120 1827 1162 obti-

424 1192 535 1233 nuit.
598 1190 727 1232 Dixit
759 1193 907 1232 autem
939 1190 1054 1231 idem
1085 1192 1220 1246 pater,
1255 1189 1371 1245 quod
1404 1193 1538 1231 “cuin
1570 1203 1625 1230 ex
1657 1188 1826 1230 duobus

426 1265 447 1284 ‘⁴
479 1259 721 1315 parietibus
783 1260 1061 1300 construatur
1122 1257 1354 1300 {edificium
1410 1257 1600 1310 Ordinis,
1662 1257 1826 1298 scilicet

426 1334 445 1350 “
478 1327 671 1368 moribus
702 1326 827 1367 bonis
859 1330 903 1367 et
940 1326 1132 1377 scientia,
1167 1326 1377 1381 parietem
1409 1325 1600 1368 scientiae
1630 1325 1824 1367 fecerunt

426 1402 446 1417 “'
478 1396 633 1437 fratres
669 1394 788 1434 ultra
820 1394 949 1435 coelos
982 1397 1026 1435 et
1062 1394 1256 1435 coelestia
1292 1394 1533 1446 sublimem,
1566 1393 1613 1435 in
1648 1396 1825 1436 tantum

426 1470 446 1485 “
478 1466 529 1505 111
571 1464 814 1518 quaererent
850 1477 907 1503 an
949 1461 1068 1503 Deus
1105 1462 1192 1513 sit,
1243 1462 1455 1518 parietem
1507 1476 1610 1503 vero
1655 1476 1825 1503 morum

425 1538 446 1553 “
478 1531 767 1587 permiserunt
808 1531 872 1571 ita
912 1529 1111 1571 bassum'2
1154 1543 1253 1581 esse,
1296 1533 1348 1571 ut
1384 1544 1461 1586 pro
1497 1530 1626 1571 laude
1666 1544 1826 1585 magna

426 1603 448 1621 “
480 1599 651 1640 dicatur
688 1598 740 1640 de
777 1597 921 1647 fratre,
958 1612 1131 1639 securus
1162 1598 1291 1639 1101110
1328 1601 1425 1650 est;
1462 1597 1577 1639 unde
1605 1613 1694 1639 non
1727 1612 1826 1639 con-

426 1673 447 1689 “
478 1667 703 1708 venienter
745 1666 1011 1709 videbantur
1058 1665 1307 1709 aeclificare.’'
1393 1665 1546 1707 Voluit
1587 1669 1733 1708 autem
1773 1668 1826 1707 ut

424 1736 579 1776 fratres
612 1734 900 1776 reverentiam
943 1748 1032 1776 suae
1076 1734 1298 1789 religionis
1341 1737 1385 1776 et
1428 1734 1615 1790 publicis
1660 1734 1827 1775 meritis

424 1818 468 1844 se
509 1802 654 1858 potius
695 1804 924 1843 tuerentur
965 1816 1067 1858 erga
1107 1802 1311 1858 praelatos
1342 1805 1387 1844 et
1427 1801 1654 1858 principes,
1696 1817 1826 1857 quam

424 1870 688 1927 Apostolicis
738 1870 978 1926 privilegiis
995 1885 1006 1919 3
1069 1872 1114 1912 et
1171 1873 1224 1912 ut
1279 1872 1422 1913 essent
1471 1870 1661 1912 minores
1711 1870 1828 1913 inter

425 1954 572 1982 omnes
603 1938 854 1980 humilitate
886 1941 930 1980 et
962 1938 1306 1981 mansuetudine.

485 2007 640 2050 Frater
677 2006 856 2062 Haymo
893 2006 1008 2048 dixit
1042 2007 1158 2062 quod
1194 2007 1254 2048 sic
1287 2006 1372 2049 fuit
1408 2008 1462 2050 de
1502 2006 1712 2049 fratribus
1749 2006 1824 2063 qui

424 2076 662 2118 noluerunt
725 2075 873 2117 venire
940 2075 988 2116 in
1046 2078 1311 2117 conventum
1359 2079 1458 2132 post
1521 2075 1824 2118 infirmitatem

423 2157 557 2193 suam,
599 2142 852 2198 priusquam
911 2146 1053 2185 essent
1093 2143 1226 2185 nimis
1261 2143 1403 2195 fortes,
1458 2158 1513 2186 ne
1565 2144 1679 2186 forte
1736 2158 1824 2186 non

422 2213 599 2267 possent
639 2211 779 2252 redire
820 2211 876 2252 ad
924 2212 1244 2262 recreationem,
1290 2211 1402 2254 sicut
1445 2212 1532 2254 fuit
1579 2212 1632 2254 de
1677 2227 1824 2268 puero,

425 2280 501 2335 qui
536 2278 689 2320 debuit
734 2278 903 2320 invitus
944 2279 1087 2321 doceri
1127 2280 1309 2331 litteras,
1352 2283 1396 2322 et
1427 2295 1524 2322 cum
1556 2280 1739 2322 dixisset
1770 2280 1823 2330 A,

423 2347 540 2388 dixit
572 2347 688 2402 quod
724 2345 856 2388 licet⁸
887 2361 1008 2402 ‘aeque
1045 2347 1154 2389 bene
1186 2347 1314 2389 sciret
1354 2347 1494 2390 dicere
1525 2348 1573 2398 B,
1616 2348 1752 2404 igitur
1783 2349 1826 2389 A

422 2415 543 2456 nullo
586 2415 716 2456 inodo
767 2414 939 2466 voluit3
999 2415 1115 2470 quod
1160 2414 1195 2455 si
1257 2415 1418 2457 diceret
1470 2416 1517 2468 B,
1571 2416 1824 2473 praeciperet

421 2483 627 2537 magister
658 2482 773 2537 quod
804 2481 965 2524 diceret
998 2482 1043 2532 C,
1078 2485 1122 2524 61
1153 2482 1363 2538 deinceps.

481 2550 611 2591 Dixit
636 2550 767 2591 etiam
800 2550 915 2604 quod
944 2564 1041 2591 cum
1067 2550 1210 2592 adhuc
1239 2551 1442 2592 secularis
1473 2553 1596 2603 esset,
1628 2551 1692 2593 ita
1717 2552 1824 2594 deli-

421 2621 542 2659 catus
573 2620 676 2670 erat,
711 2618 826 2673 quod
858 2632 945 2659 non
977 2618 1123 2674 potuit
1151 2619 1243 2660 sine
1275 2619 1590 2676 multiplicibus
1621 2621 1821 2662 remediis

464 2799 472 2817 ²
491 2797 684 2829 Alexander
701 2797 774 2837 IV„
796 2801 1000 2830 125-2—1261.
1186 2800 1197 2818 ³
1214 2798 1255 2844 ly„
1274 2798 1359 2832 Cott.

463 2853 476 2870 ²
496 2850 622 2888 Iussum,
646 2850 730 2883 Cott.
