1905 3180
248 1787 446 1828 Deprecates

248 1831 302 1862 the
319 1832 423 1863 ill-re-

246 1880 336 1915 ports

246 1920 363 1958 spread
378 1921 423 1960 by

247 1962 415 1995 malicious

248 2015 333 2038 men.

472 246 556 287 412
950 255 1056 285 ADAE
1089 255 1150 284 DE
1180 254 1377 286 MAR1sco

470 373 562 410 tam
597 368 726 409 anxie
759 368 960 424 prosequi
998 371 1246 423 temporum
1281 367 1554 409 saecularium
1589 368 1742 409 diebus
1777 382 1865 409 non

468 437 712 477 desistunt?
771 435 904 476 Absit
938 435 1018 476 hoc
1060 450 1086 475 a
1118 433 1338 475 mentibus
1372 434 1577 476 fidelium.
1641 435 1866 490 Siquidem

468 518 556 544 non
597 502 738 544 defuit
778 502 963 558 perfidia
1005 516 1102 556 quae
1144 501 1474 556 desperabiliter
1505 501 1627 542 istud
1667 505 1865 544 autuma-

468 570 596 618 verit‚
628 569 703 611 sed
733 569 915 610 virtutis
946 568 1330 624 oppugnationem,
1365 568 1439 610 sed
1476 569 1865 610 contradictionem

468 637 683 688 veritatis,
726 637 801 678 sed
857 636 1055 678 caritatis
1109 636 1482 690 proscriptionem,
1537 636 1612 677 sed
1663 636 1866 677 extermi-

469 704 592 745 nium
620 704 735 755 fidei,
769 703 843 745 sed
874 701 1200 744 confusionem¹
1233 702 1374 744 beatae
1416 702 1773 744 sanctificationis
1797 703 1865 743 in-

470 770 721 826 explicabili
764 770 1037 812 districtione
1079 769 1457 824 comprehendant.
1522 769 1694 811 Horum
1733 784 1866 811 reme-

471 838 605 890 dium,
649 838 724 892 qui
776 837 954 893 respicit
995 836 1213 878 orationes
1255 836 1491 877 humilium
1532 839 1577 878 et
1616 851 1706 878 non
1751 851 1866 892 sper-

470 905 539 946 nit
579 919 723 960 preces
778 918 937 955 eorum,
982 904 1106 945 audit
1159 903 1349 958 gemitus
1405 903 1750 959 compeditorum
1820 907 1865 945 et

470 971 602 1013 solvit
651 971 763 1013 filios
823 972 1198 1026 interemptorum,
1260 974 1312 1012 ut
1353 970 1620 1012 annuntient
1660 971 1708 1011 in
1759 970 1866 1012 Sion

470 1038 663 1094 limpidae
692 1037 1072 1093 contemplationis
1100 1052 1261 1079 nomen
1290 1037 1482 1088 Domini,
1507 1040 1552 1078 et
1578 1037 1753 1079 laudem
1774 1037 1866 1093 ejus

470 1106 517 1146 in
568 1105 812 1147 Jerusalem
863 1105 1114 1159 tranquillae
1161 1104 1517 1156 conversationis,
1571 1105 1685 1146 solus
1725 1104 1864 1157 novit,

470 1176 521 1213 ut
550 1172 705 1223 video,
739 1175 890 1213 contra
929 1172 1045 1227 quod
1077 1187 1326 1227 quanquam
1358 1171 1540 1227 speravi,
1585 1186 1663 1227 ego
1694 1171 1866 1227 penitus

469 1240 650 1294 ignoro;
701 1242 880 1295 propter
935 1239 1051 1294 quod
1108 1239 1213 1294 quid
1257 1239 1371 1280 facto
1423 1253 1529 1294 opus
1570 1238 1629 1280 sit
1669 1238 1868 1280 invenire

469 1307 717 1348 nullatenus
750 1307 925 1358 sufficio,
967 1306 1052 1347 nisi
1095 1306 1294 1361 deinceps
1335 1309 1387 1347 ut
1421 1305 1630 1360 indignus
1670 1308 1868 1360 peccator

469 1387 594 1415 voces
626 1374 847 1428 reprimat,
891 1374 1109 1428 exprimat
1164 1374 1395 1428 lacrymas,
1441 1376 1486 1414 et
1543 1373 1599 1413 ad
1635 1372 1745 1414 illud
1785 1373 1868 1414 hu-

468 1440 636 1481 miliato
689 1444 867 1482 conetur
917 1440 1102 1491 silentio,
1145 1455 1221 1496 per
1272 1440 1388 1495 quod
1439 1440 1739 1494 importunum
1802 1443 1869 1481 at-

469 1507 708 1562 temptavit
743 1507 970 1562 eloquium.
1038 1507 1134 1549 Hoc
1173 1508 1282 1548 mihi
1323 1507 1560 1563 plurimum
1592 1507 1681 1548 fore
1717 1507 1869 1563 lugen-

470 1575 575 1615 dum
616 1575 843 1630 conspicio,
879 1574 995 1630 quod
1031 1578 1075 1615 et
1120 1575 1281 1630 ineptis
1322 1574 1481 1616 litteris
1522 1577 1566 1616 et
1606 1574 1757 1630 lingua
1798 1574 1869 1616 de-

470 1642 667 1697 spicabili
708 1643 783 1682 illa
824 1656 912 1682 non
950 1657 1046 1683 sum
1081 1643 1327 1683 cumulatus
1345 1641 1362 1664 ‘²
1398 1656 1666 1697 praesumere,
1701 1656 1728 1682 a
1769 1656 1866 1696 quo,

469 1709 554 1750 heu
589 1708 727 1750 mihi!
790 1723 886 1750 mea
928 1709 974 1749 in
1020 1724 1088 1751 me
1150 1743 1159 1751 .
1220 1742 1228 1750 .
1432 1708 1460 1750 ,³
1519 1709 1867 1750 inconsideratio.

531 1776 714 1818 Utinam
745 1776 1054 1818 amantissimis
1090 1776 1310 1818 mentibus
1343 1776 1482 1817 cordis
1519 1775 1647 1817 ardor
1677 1779 1867 1831 patesce-

473 1847 550 1895 ret,
574 1858 713 1898 quem,
737 1843 940 1897 quamvis
962 1858 1034 1885 cor
1062 1844 1224 1885 litterae
1246 1846 1404 1885 vestrae
1435 1843 1703 1899 mitigarent,
1725 1843 1868 1898 ipsum

469 1914 618 1952 tamen
634 1910 790 1952 fortius
819 1911 1074 1952 amaricavit
1096 1911 1230 1952 anxia
1252 1911 1400 1952 caudae
1422 1910 1647 1966 percussio.
1709 1910 1866 1952 Valeat

469 1978 715 2020 dilectionis
744 1980 901 2019 vestrae
924 1978 1103 2020 dulcedo
1133 1978 1182 2019 in
1212 1978 1395 2029 Christo,
1418 1982 1494 2019 etc.
1556 1977 1719 2019 Vereor
1752 1977 1866 2033 quod

468 2046 663 2087 fucorum
699 2045 896 2086 fictiones
937 2046 984 2086 in
1025 2061 1094 2087 me
1136 2046 1269 2087 etiam
1304 2045 1564 2087 amicitiores
1604 2045 1690 2086 mei
1729 2045 1866 2101 suspi-

469 2116 631 2154 centur.
695 2113 782 2154 Sed
803 2112 908 2168 quid
930 2127 1056 2168 agam
1078 2127 1165 2154 non
1187 2113 1372 2154 invenio.
1427 2113 1526 2168 Ipse
1557 2112 1708 2154 doceat
1736 2126 1863 2167 quem

468 2194 558 2220 non
606 2179 764 2220 fallunt
805 2193 962 2220 arcana
1003 2180 1332 2236 cogitationum.
1427 2179 1632 2221 Breviavi
1673 2179 1862 2221 litteram

470 2261 566 2301 quae
606 2250 797 2287 vestram
831 2247 1004 2288 obsecro
1041 2248 1321 2303 prudentiam
1357 2262 1446 2289 non
1486 2247 1695 2288 fastidiat.
1777 2246 1861 2288 Pu-

467 2317 514 2355 to
554 2314 709 2368 [quod]
754 2317 856 2355 ante
898 2315 988 2355 dies
1030 2329 1222 2356 emensos
1263 2316 1311 2356 in
1351 2315 1432 2356 hac
1472 2318 1596 2370 parte
1637 2328 1753 2355 casso
1794 2327 1862 2355 co-

469 2384 579 2422 natu
641 2395 718 2435 per
763 2381 1058 2422 Divinitatem
1114 2382 1349 2437 propitiam
1403 2382 1592 2424 calamus
1642 2380 1860 2422 fatuitatis

470 2462 576 2489 meae
617 2447 740 2489 vobis
774 2448 845 2489 vel
881 2449 1209 2505 quibuscunque
1238 2464 1328 2491 non
1361 2449 1446 2491 erit
1486 2449 1772 2504 importunus.

515 2652 521 2669 ¹
540 2648 770 2691 eonficsibilem,
789 2649 862 2682 MS.
1234 2651 1246 2668 ³
1269 2650 1379 2682 Blank
1395 2649 1429 2681 in
1447 2649 1521 2683 MS.

513 2704 526 2722 ²
545 2703 607 2735 Sic.
