1905 3180
623 228 861 260 EPIsToLAE.
1365 223 1382 261 ]
1394 223 1444 263 91

58 342 250 396 vivendi,
303 357 439 384 unum
512 344 629 398 quod
683 343 883 386 subsistit
948 344 994 385 in
1047 345 1232 400 negotiis
1286 344 1451 400 impen-

59 413 211 454 denda}
253 411 459 463 caritatis,
502 412 688 453 alterum
734 412 850 467 quod
892 412 1088 454 consistit
1130 413 1176 453 in
1212 413 1312 454 otiis
1355 428 1451 454 con-

56 480 320 536 templandae
361 479 574 530 veritatiS,
610 480 790 522 tortium
833 480 947 535 quod
984 480 1134 521 existit
1169 495 1223 522 ex
1264 485 1449 536 utroque

55 550 358 603 temperatum,
411 547 616 589 videlicet
670 551 852 597 actuoso,
907 547 1022 602 quod
1079 551 1250 590 exercet
1302 563 1449 590 veram

57 616 293 664 caritatem,
325 617 370 656 et
401 615 548 665 otioso,
579 616 695 671 quod
728 615 986 670 tranquillat
1015 630 1158 656 caram
1191 616 1450 668 veri.tatem;

58 684 153 739 quis
204 697 293 725 non
333 683 454 725 videt
507 683 562 724 ad
614 683 848 739 perfectam
890 682 1018 736 hujus
1060 683 1180 724 tertii
1229 698 1452 726 conversa-

57 752 231 802 tionem,
281 753 448 806 quanta
488 752 745 793 necessitate
790 750 1163 806 constringuntur,
1208 751 1283 806 qui
1325 766 1451 807 supe-

55 820 212 861 riorem
262 819 402 861 locum
450 820 587 861 coelici
629 819 852 875 regiminis
904 819 984 860 sub
1031 822 1158 860 tanto
1220 819 1451 862 reddenda)

55 887 238 930 rationis
268 887 515 929 discrimine
549 890 651 929 sunt
687 887 900 929 assecuti?
948 887 1135 928 Proinde
1170 887 1276 942 quid
1305 901 1451 944 super-

58 958 123 997 est
160 969 301 1010 quam,
335 970 470 1010 quum
512 955 635 997 vobis
660 956 829 1011 jugiter
860 955 1075 998 incumbit
1112 960 1155 997 et
1196 956 1310 997 vices
1352 970 1451 1012 sup-

57 1023 173 1080 plere
224 1023 494 1079 pontificum,
545 1026 589 1065 et
631 1038 754 1065 curas
800 1023 1033 1065 informare
1092 1024 1353 1075 clericorum,
1406 1027 1449 1066 et

55 1105 195 1133 mores
224 1091 451 1133 honestare
473 1091 676 1147 plebium,
702 1095 752 1133 ut
780 1106 868 1147 prae
890 1091 1057 1133 cunctis
1082 1107 1158 1147 per
1186 1092 1450 1147 contempla-

54 1160 219 1201 tionem
248 1160 453 1215 suspensi,
491 1161 546 1201 ad
577 1162 752 1201 cunctos
783 1175 860 1215 per
884 1160 1221 1216 compassionem
1248 1159 1449 1216 proximi,

55 1228 290 1269 secundum
322 1227 542 1282 exemplar
573 1228 689 1283 quod
720 1231 990 1269 monstratur
1030 1228 1077 1268 in
1119 1242 1236 1269 more
1278 1228 1449 1269 ordina-

56 1296 227 1337 tionum
269 1295 539 1337 tabernaculi
576 1295 848 1350 disponatis?
913 1295 1112 1346 Qualiter
1156 1309 1344 1350 namque
1374 1309 1450 1350 per

53 1363 407 1419 prfedicationem
436 1363 652 1418 evangelii
686 1362 975 1404 ministerium
1008 1363 1218 1418 pastionis
1240 1363 1450 1418 adimple-

54 1431 159 1473 bitis
208 1431 443 1473 secundum
492 1431 607 1486 quod
658 1430 855 1486 przecipit
906 1431 1137 1486 apostolus,
1174 1440 1194 1453 “
1215 1431 1334 1486 Opus
1382 1431 1449 1473 fac

54 1504 76 1521 ‘⁶
109 1499 399 1555 evangelistae,
432 1498 725 1540 ministerium
756 1501 883 1539 tuum
915 1498 1084 1554 imple,’'
1126 1499 1212 1539 nisi
1243 1513 1319 1554 per
1350 1513 1448 1540 con-

52 1565 375 1623 templativam¹
412 1566 682 1608 vacationem
723 1566 770 1607 in
811 1566 974 1608 lumine
1016 1567 1291 1622 conspiciatis
1332 1568 1447 1623 quod

51 1650 128 1691 per
148 1635 335 1677 activam
358 1634 697 1676 sollicitudinem
718 1634 765 1675 in
787 1635 977 1676 tenebris
999 1634 1226 1676 hominum
1246 1635 1415 1677 faciatis
1433 1638 1448 1677 ἲ

54 1703 102 1745 Si
132 1706 308 1745 actuosa
340 1703 553 1759 pastionis
583 1702 721 1744 forma
769 1703 1016 1757 requiritur,
1062 1702 1167 1758 quid
1210 1717 1448 1759 congruen-

51 1771 140 1813 tius
172 1771 356 1813 occurrit
387 1785 517 1826 quam
555 1770 671 1825 quod
701 1770 892 1826 personis
933 1771 1180 1826 apostolicis
1220 1771 1268 1812 in
1309 1772 1445 1827 Apos-

51 1839 239 1881 tolorum
273 1839 484 1894 Principe,
521 1841 618 1893 post
649 1838 812 1879 trinam
848 1852 936 1879 suffe
979 1838 1221 1879 dilectionis
1262 1839 1446 1880 interro-

51 1907 274 1962 gationem
312 1906 391 1948 sub
423 1906 542 1948 trina
571 1905 779 1961 jussionis
814 1906 1114 1955 inculcatione,
1144 1906 1237 1961 jain
1267 1907 1444 1962 jamque

53 1975 209 2017 coelum
224 1989 476 2016 ascensurus
497 1974 653 2015 Pastor
675 1973 820 2014 ovium
841 1973 1068 2029 injungere
1089 1987 1177 2015 non
1194 1977 1446 2016 cunctatur?

53 2042 145 2084 Ubi
182 2041 416 2084 secundum
458 2041 717 2084 Sanctorum
751 2041 1069 2091 elucidationes,
1113 2042 1256 2083 tribus
1306 2043 1445 2084 modis

52 2110 215 2152 veritas
257 2109 451 2151 caritatis
491 2123 566 2164 per
616 2112 808 2164 pastores
860 2109 1044 2151 ecclesiae
1086 2110 1444 2152 communicanda

52 2178 312 2234 prfecipitur.
355 2177 549 2218 Primum
578 2176 787 2218 exhibent
817 2176 865 2217 in
891 2177 1161 2219 documentis
1194 2177 1442 2233 Scripturae,

52 2260 107 2287 ex
140 2245 296 2300 quibus
328 2245 430 2286 hinc
459 2244 674 2286 certitudo
711 2244 825 2295 fidei,
857 2244 978 2286 illinc
1013 2259 1183 2286 morum
1224 2246 1442 2288 rectitudo

52 2314 382 2355 demonstratur.
447 2312 694 2354 Secundum
723 2312 919 2367 praebent
949 2313 996 2353 in
1018 2313 1226 2368 exemplis
1240 2313 1440 2368 justitiai,

49 2395 124 2437 per
155 2395 250 2436 quae
281 2380 383 2422 hinc
412 2380 549 2421 forma
576 2379 766 2431 vivendi,
799 2380 917 2421 illinc
947 2380 1059 2422 ritus
1091 2381 1259 2423 colendi
1286 2397 1443 2437 praero-

49 2452 189 2504 gatur.
243 2448 436 2489 Tertium
458 2450 670 2503 praestant
691 2447 738 2488 in
767 2448 1045 2490 sacramentis
1067 2449 1185 2500 vitae,
1208 2449 1255 2490 in
1284 2451 1441 2505 quibus

50 2516 150 2557 hinc
176 2517 319 2572 gratia
345 2515 716 2566 reconciliationis,
739 2515 859 2557 illinc
880 2515 1019 2571 gloria
1042 2516 1330 2558 beatitudinis
1358 2519 1442 2559 lar-

48 2585 178 2640 gitur.
241 2583 328 2626 Sed
358 2583 639 2625 nihilominus
670 2583 808 2625 otiosa
838 2587 1059 2639 pastorum
1101 2585 1336 2640 speculatio
1368 2586 1440 2627 de-

597 2810 604 2827 ¹
629 2808 829 2852 edffistlalmn,
847 2809 920 2842 MS.
