1905 3180
414 262 501 302 ‘390
893 269 999 301 ADAE
1032 270 1092 299 DE
1122 269 1320 300 MAmsco

415 385 587 433 sufficio,
602 387 847 439 grassantes
869 384 1255 439 importunitatum
1272 384 1578 436 vehementias,
1603 385 1811 426 nimirum

412 454 518 493 vitae
551 453 733 493 taedium
763 452 1006 493 inferentes.
1071 451 1164 492 Nec
1195 452 1434 494 amicitiam
1465 468 1554 494 non
1586 454 1813 494 molestare
1869 467 1872 471 ·

413 521 616 574 nequivit
660 521 892 562 cruciantis
936 519 1150 574 angustiae
1192 519 1480 562 vehementia.
1545 521 1668 562 Inter
1711 521 1811 562 scri-

412 589 603 629 bendum
657 589 845 629 calamus
906 586 1089 628 haerebit
1131 600 1229 627 cum
1276 588 1331 628 ad
1394 589 1598 630 attonitae
1648 589 1811 631 mentis

410 656 665 697 afflictiones
708 671 862 697 manus
896 655 1074 709 stupida
1117 654 1357 696 lacesceret.
1421 655 1634 711 Succingo
1670 657 1808 712 igitur

407 739 659 773 sermonem,
692 738 848 779 rogans
880 722 1048 763 faciatis
1080 722 1197 776 quod
1239 723 1324 764 scio
1356 724 1569 779 prohibiti
1599 724 1807 776 faceretis,

406 792 621 843 videlicet,
655 796 706 833 ut
747 792 872 832 vobis
914 790 1038 831 dabit
1080 789 1245 832 divinae
1287 792 1612 847 propitiationis
1664 807 1810 848 super-

407 860 648 901 exuberans
680 859 904 900 affluentia
939 857 1092 907 valere,
1117 857 1276 908 videre,
1310 860 1433 910 velle,
1468 859 1576 900 mihi
1609 860 1666 901 ad
1697 861 1810 902 salu-

405 930 494 968 tem
517 928 748 969 subvenire
769 930 945 982 propter
959 925 1143 966 vulnera
1166 925 1408 968 Salvatoris
1430 942 1518 968 non
1535 928 1811 969 cunctemini.

408 994 635 1044 Czeterum,
681 996 717 1036 si
758 996 853 1036 fieri
900 997 1055 1050 potest,
1102 993 1389 1036 desiderabam
1427 1010 1620 1051 personae
1651 999 1809 1038 vestrae

404 1063 681 1117 praesentiam
734 1064 905 1104 devotis
947 1061 1106 1103 vestris
1157 1064 1374 1104 maturius
1417 1064 1690 1105 consolandis
1732 1079 1810 1120 per

402 1130 638 1185 benignum
681 1132 972 1186 patrocinium
1020 1135 1064 1173 et
1119 1131 1349 1173 consilium
1395 1132 1670 1187 provisivum
1711 1132 1809 1173 nul-

402 1198 573 1239 latenus
605 1199 811 1241 exhibere
853 1201 1135 1256 pigritemini.
1202 1200 1329 1251 Quod
1375 1200 1486 1240 mihi
1517 1203 1643 1240 tanta
1684 1200 1809 1241 sedu-

401 1265 525 1307 litate
558 1267 764 1315 suasistis,
803 1271 864 1312 et
891 1274 1142 1311 constanter
1178 1284 1256 1324 per
1296 1267 1477 1309 fratrem
1524 1268 1806 1308 secretarium

400 1334 650 1382 mandastis,
684 1335 899 1385 videlicet,
932 1340 984 1377 ut
1019 1352 1088 1379 me
1128 1337 1375 1391 Radingam
1406 1335 1665 1377 transferam
1698 1335 1809 1377 desi-

401 1402 684 1444 deratissimae
717 1405 877 1458 quietis
925 1407 1080 1461 gratia,
1125 1406 1288 1446 ibidem
1333 1408 1549 1459 quantum
1601 1404 1805 1459 expedire

401 1469 624 1511 videbitur
655 1476 938 1524 moraturum,
973 1475 1009 1514 si
1055 1474 1175 1515 Deus
1207 1473 1412 1524 voluerit,
1447 1473 1661 1527 complere
1707 1486 1806 1528 pro-

400 1551 525 1591 pono,
559 1539 595 1578 si
617 1539 759 1580 adhuc
791 1541 899 1581 mihi
931 1541 1253 1597 beneplacitum
1287 1543 1494 1590 vestrum,
1529 1540 1645 1595 quod
1677 1539 1806 1581 citius

399 1604 493 1645 fieri
526 1606 692 1655 vellem,
737 1622 863 1662 super
897 1609 978 1650 hoc
1010 1609 1233 1650 insinuare
1267 1608 1535 1649 curaveritis.
1592 1649 1594 1651 .

459 1672 617 1714 Valeat
679 1676 960 1729 paternitatis
1015 1681 1173 1718 vestrae
1240 1690 1384 1732 sospes
1451 1676 1684 1731 integritas
1757 1675 1806 1716 in

401 1737 575 1780 Christo
620 1741 649 1782 J
653 1756 729 1782 esu
760 1757 926 1798 semper
957 1747 1001 1785 et
1032 1744 1285 1785 beatissima
1308 1744 1501 1799 Virgine.

965 2007 1217 2050 CCXXIII.

399 2137 440 2177 F
440 2136 558 2177 wiri
580 2124 653 2185 R,
671 2135 856 2177 Cusffocli
882 2134 1198 2189 Cantabri-(sice,
1222 2134 1380 2174 Frater
1400 2131 1510 2174 Adra
1530 2131 1802 2173 mer-{tomum

676 2203 878 2257 qratiam
910 2208 947 2244 et
974 2201 1280 2257 proemz‘orum
1309 2200 1520 2255 [storiam.

173 2334 260 2375 Begs
276 2340 309 2367 to
324 2337 364 2367 be
459 2326 542 2366 Pro
600 2326 812 2366 benevola
856 2325 1101 2366 sedulitatis
1146 2327 1304 2365 vestire
1360 2322 1600 2378 diligentia,
1656 2335 1798 2376 quam,

173 2379 369 2455 {Jffilieezflffs
398 2394 498 2434 licet
530 2393 777 2433 nullatenus
819 2393 1032 2443 meritam,
1073 2393 1184 2433 circa
1215 2406 1356 2432 meam
1387 2390 1687 2431 modicitatem
1718 2389 1800 2431 lati

173 2466 249 2516 skiu
265 2467 365 2499 athis
398 2461 536 2501 cordis
568 2463 612 2501 et
648 2460 827 2501 affectus
868 2460 1012 2501 laetior
1043 2463 1088 2500 et
1119 2459 1340 2500 liberalior
1371 2458 1547 2499 effectus
1580 2457 1798 2498 cumulare

172 2510 326 2585 {22¹3ss
396 2543 485 2568 non
532 2528 714 2575 desistit,
761 2528 875 2581 quod
921 2527 1236 2568 insufficientia}
1284 2541 1391 2568 meae
1436 2525 1592 2580 nequit
1642 2539 1797 2566 aerum-

171 2606 259 2629 euee.
395 2610 499 2636 nosa
522 2595 755 2650 pauperies,
780 2594 915 2643 vobis,
949 2609 1035 2645 om,
1063 2594 1304 2635 satisfaciat
1327 2608 1524 2647 supernae
1552 2591 1797 2647 largitionis

396 2660 736 2716 supersufficiens
757 2661 988 2702 affluentia.
1055 2663 1178 2702 Sicut
1200 2676 1254 2702 ex
1283 2661 1504 2716 provisiva
1526 2658 1796 2700 discretionis

394 2734 551 2771 vestrae
592 2730 781 2785 benigna
822 2730 1204 2784 circumspectione
1245 2729 1458 2784 signastiS,
1509 2742 1610 2783 erga
1641 2727 1796 2768 fratres

396 2796 579 2838 Oxoniae
602 2798 837 2845 studentes,
863 2797 1053 2837 Domino
1076 2797 1219 2845 dante,
1242 2797 1319 2838 fiet
1348 2797 1439 2837 sine
1471 2810 1603 2836 morae
1625 2795 1795 2849 dispen-

393 2863 475 2905 dio.
549 2865 665 2906 Satis
696 2865 803 2905 mihi
835 2865 1066 2905 molestum
1097 2864 1194 2914 fuit,
1228 2864 1345 2919 quod
1377 2863 1619 2904 carissimus
1649 2864 1795 2903 noster
