1905 3180
653 247 888 277 EPISTOLAE.
1385 238 1399 275 ]
1414 236 1467 275 25

69 370 281 417 votorum,
326 365 382 406 ad
425 365 754 421 castigationem
797 364 1036 414 rebellium,
1070 364 1126 405 acl
1168 364 1471 405 universorum
1491 369 1697 424 'Ijrialofthe

70 435 302 476 salutarem
342 433 706 483 reformationem,
751 447 839 474 non
881 433 973 473 sine
1015 433 1161 472 nimiis
1192 446 1473 487 personarum
1491 414 1668 490 ἓὲξὲρζξῃ

69 502 281 559 periculis,
316 505 359 543 et
398 502 583 556 profusis
629 501 908 557 pecuniarum
952 500 1213 555 sumptibus,
1256 506 1300 541 et
1334 499 1475 540 maxi-

69 585 241 611 marum
283 569 592 610 difficultatum
639 568 1000 624 aggressionibus,
1035 567 1343 608 acerrimarum
1386 581 1475 607 1110-

69 638 296 679 lestiarum
333 637 616 686 sustinentiis‚
660 651 797 691 usque
830 636 876 676 in
919 649 1109 691 praesens
1152 634 1475 690 gubernaverit.

71 705 394 747 Efficacioribus
427 705 560 746 etiam
604 704 966 745 documentorum
998 702 1270 743 evidentium
1302 716 1477 757 persua-

71 773 266 814 sionibus
298 773 466 814 cunctis
488 772 776 819 ostendentes7
802 774 953 812 contra
985 770 1190 812 comitem
1239 769 1476 825 Symonem

72 856 159 883 non
202 841 256 883 ob
299 841 420 881 aliud
464 840 727 882 concitatam
772 854 861 880 esse
904 838 1215 894 praedictorum
1259 837 1478 892 conspira-

72 910 248 959 tionem,
291 909 375 949 nisi
417 909 532 963 quod
585 908 821 962 sacrilegia,
869 906 1117 958 homicidia,
1162 905 1475 956 concussiones,

73 977 402 1032 captivationes,
449 976 662 1031 angarias,
707 975 894 1030 rapinas,
938 975 1122 1026 fraudes,
1167 974 1325 1025 sordes,
1370 987 1476 1028 quas

73 1045 377 1086 efferatissima
405 1044 695 1100 malignitate,
740 1057 817 1084 nec
851 1042 994 1083 Deum
1036 1043 1254 1093 timentes,
1291 1055 1370 1082 nec
1401 1040 1477 1082 ho-

73 1113 236 1154 minem
267 1115 528 1163 reverentes,
561 1112 653 1152 sine
685 1126 785 1167 rege
827 1111 920 1152 sine
950 1110 1045 1166 lege
1077 1113 1267 1166 agentes,
1310 1108 1477 1150 foedera

73 1181 300 1231 violantes,
333 1180 606 1221 affectionem
638 1194 726 1221 non
760 1182 971 1226 curantes,
999 1178 1170 1233 jugiter
1201 1177 1475 1227 exercebant,

73 1249 190 1290 idem
243 1262 382 1289 comes
426 1248 585 1289 studiis
641 1247 800 1302 quibus
844 1247 987 1287 valuit
1035 1259 1224 1286 coercere
1266 1245 1477 1295 curabat3

74 1331 190 1358 nunc
233 1316 470 1357 terroribus
516 1315 739 1370 pulsando,
790 1328 904 1355 1111110
950 1312 1264 1354 blandimentis
1313 1312 1478 1353 demul-

75 1384 222 1435 cendo,
255 1397 369 1425 nunc
402 1383 571 1438 legibus
614 1381 854 1438 dirigendo,
899 1384 944 1422 et
985 1381 1042 1421 ad
1082 1380 1265 1422 formam
1297 1380 1478 1420 honeste

73 1451 264 1502 vivendi,
312 1451 368 1492 ad
413 1464 636 1491 censuram
683 1452 798 1490 recte
844 1448 1085 1504 judicandi,
1128 1448 1184 1488 ad
1230 1447 1366 1488 ritum
1408 1447 1478 1502 pie

75 1518 255 1570 colendi,
297 1518 523 1559 universos
560 1518 826 1558 incessanter
856 1530 1060 1557 revocare
1092 1515 1330 1571 satagebat.

135 1587 401 1628 Obtulerunt
431 1585 724 1635 nihilominus,
773 1585 874 1625 licet
920 1588 1012 1625 tam
1044 1583 1204 1638 scripta
1236 1598 1366 1638 quam
1398 1583 1480 1624 lin-

76 1669 162 1712 gua
193 1654 478 1695 assertionum
509 1668 684 1694 suarum
709 1653 880 1693 firmam
910 1652 1039 1693 fidem
1072 1651 1259 1700 fecerint,
1291 1651 1365 1706 qui
1397 1655 1480 1692 ste-

76 1726 226 1765 terunt
257 1722 304 1762 in
329 1725 451 1777 parte
483 1721 662 1771 comitis,
688 1721 805 1776 quod
834 1720 904 1761 vel
938 1719 1150 1775 corporali
1177 1719 1320 1760 duello
1354 1723 1481 1774 quot-

77 1805 245 1846 cunque
276 1804 570 1846 personarum,
604 1789 675 1830 vel
706 1788 1038 1843 quibuscunque
1070 1786 1211 1827 modis
1243 1786 1340 1826 aliis
1372 1800 1479 1840 quos

78 1860 198 1901 curia
219 1858 477 1907 decerneret,
495 1856 751 1898 indubitata
772 1854 1035 1897 certitudine
1057 1854 1159 1896 fixae
1180 1853 1477 1902 firmitudinis,

77 1929 323 1968 astruerent
374 1925 599 1966 universos
654 1938 830 1965 suarum
874 1922 1219 1978 propositionum
1263 1921 1479 1962 articulos.

78 1994 152 2035 Ad
173 1994 252 2034 hoc
277 1995 475 2048 petentes
500 1991 785 2033 constantiori
806 1990 1029 2039 instantia,
1053 1993 1105 2031 ut
1132 1993 1225 2030 tam
1256 1988 1316 2031 eis
1349 2004 1480 2044 quam

78 2060 349 2109 adversariis
393 2074 470 2115 per
504 2059 669 2115 regiam
710 2058 1034 2114 providentiam
1070 2057 1303 2099 necessitas
1343 2057 1482 2113 impo-

79 2133 268 2177 neretur,
324 2128 404 2168 sub
442 2140 798 2183 quarumcunque
853 2126 1109 2168 cautionum
1151 2125 1396 2176 securitate,
1433 2125 1482 2165 in

81 2196 411 2252 quibuscunque
458 2196 598 2237 causis
645 2194 741 2251 quis
789 2209 916 2249 quem
952 2194 1183 2249 impeteret
1223 2193 1294 2234 vel
1337 2192 1483 2234 defen-

81 2264 214 2315 deret,
245 2263 301 2304 ad
342 2263 585 2319 parendum
620 2262 725 2316 juri,
770 2265 814 2302 et
845 2276 922 2317 pro
956 2276 999 2303 se
1025 2261 1225 2316 judicata
1256 2260 1480 2315 suscipere,

81 2335 125 2372 et
166 2334 318 2372 contra
363 2345 407 2372 se
462 2330 665 2386 judicata
713 2329 938 2381 sustinere,
993 2329 1084 2370 sive
1126 2343 1270 2370 coram
1307 2328 1482 2369 domino

79 2413 180 2454 rege
212 2398 260 2440 in
290 2411 424 2453 regno
455 2397 640 2453 Angliae,
673 2397 764 2438 sive
796 2411 940 2438 coram
964 2396 1189 2452 judicibus
1221 2395 1276 2437 ab
1310 2410 1358 2436 eo
1391 2396 1484 2436 des-

81 2467 235 2508 tinatis
267 2466 314 2506 in
345 2469 506 2507 terram
540 2465 791 2514 Vasconiae3
832 2468 877 2506 et
908 2467 1088 2520 propter
1118 2464 1198 2505 hoc
1219 2464 1362 2519 ipsum
1385 2477 1483 2504 con-

82 2533 234 2575 ductui
278 2547 356 2574 suo
408 2533 709 2574 renunciatur-i
751 2533 788 2573 si
840 2533 986 2574 hostes
1038 2532 1106 2573 sui
1148 2532 1195 2572 in
1246 2531 1326 2572 1100
1366 2531 1484 2572 idem

83 2602 390 2643 consentirent.
455 2601 568 2642 Sane
601 2601 741 2642 dictus
773 2615 914 2642 comes
952 2614 1049 2642 cum
1087 2600 1204 2641 dicta
1238 2601 1363 2654 parte
1406 2612 1485 2638 sua

85 2669 190 2710 dum
238 2668 354 2710 dicto
385 2668 515 2710 modo
559 2668 646 2710 ista
686 2669 1038 2723 transigerentur
1079 2667 1135 2708 ab
1178 2666 1307 2707 initio
1349 2678 1484 2719 usque

84 2736 132 2776 in
178 2736 322 2785 finem,
373 2737 579 2791 quoniam
599 2735 610 2757 ¹
657 2736 718 2777 sic
762 2736 1066 2777 aestimabatur
1111 2735 1159 2774 in
1200 2731 1484 2789 pavescendis

679 2912 689 2930 ¹
714 2910 772 2952 ff,
791 2911 863 2942 ms.
