1905 3180
206 603 283 635 Feb.
306 603 360 634 Tth

206 2215 263 2248 On
280 2217 334 2248 the

209 2270 301 2291 sanle

209 2303 344 2343 subject.

429 258 511 297 116
917 265 1022 296 ADAE
1055 265 1115 295 DE
1146 263 1341 294 MARisco

426 390 713 430 incarceratos
734 387 787 428 ad
810 387 1067 442 petitionem
1088 386 1348 428 scholarium
1380 385 1587 438 absolute,
1610 388 1655 427 et
1686 388 1834 426 tamen

427 471 523 497 cum
565 456 658 511 jam
711 459 946 497 cessassent
991 455 1192 510 magistri
1223 470 1248 495 a
1279 454 1536 495 lectionibus
1567 468 1644 509 per
1675 453 1835 494 multos

429 524 531 575 (1100,
565 523 706 564 adhuc
737 523 943 564 lectiones
974 538 1063 563 non
1094 520 1451 577 resumpserunt.¹

489 592 525 632 F
529 591 618 633 eria
649 591 802 646 quinta
822 594 920 646 post
952 590 1434 646 purificatione1n‚licet
1464 589 1741 644 promitteret
1773 588 1833 630 eis

429 659 630 700 dominus
661 673 739 699 rex
772 659 889 714 quod
919 658 1100 699 haberet
1131 657 1395 712 colloquium
1438 671 1534 698 011111
1566 656 1757 712 praelatis
1789 659 1834 697 et

428 727 674 782 proceribus
716 727 804 768 suis
841 741 969 782 super
1000 727 1161 768 dictam
1196 725 1454 781 petitionem
1486 724 1757 776 scholarium,
1791 726 1834 765 et

428 795 545 850 quod
566 795 618 835 (10
651 808 798 836 eorum
830 794 1019 843 consilio,
1043 797 1121 834 aut
1152 793 1388 835 secundum
1419 793 1602 834 formam
1634 792 1831 847 petitam,

427 865 504 903 aut
536 877 614 917 per
657 862 787 902 aliam
830 865 1156 917 competentem,
1193 862 1253 902 eis
1289 860 1541 916 provideret
1568 860 1711 915 quoad
1742 859 1834 900 fieri

428 933 570 985 posset
612 930 823 971 inoffensa
863 930 1042 984 justitia
1073 929 1197 984 regni
1231 932 1274 970 et
1307 929 1505 977 ecclesiee,
1551 928 1667 982 quod
1705 941 1834 982 super

427 998 493 1038 1110
525 997 723 1039 futurum
756 1001 820 1039 est
851 998 898 1037 in
929 997 1053 1038 brevi
1086 997 1365 1052 postmodum
1397 997 1566 1038 scietur.

487 1065 743 1106 Perseverat
776 1065 953 1106 domina
983 1065 1144 1120 regina,
1168 1064 1411 1105 benedictio
1443 1065 1501 1105 sit
1522 1064 1761 1113 Altissimo,
1787 1063 1834 1104 in

428 1133 608 1174 salutari
650 1133 871 1188 proposito
923 1146 1011 1181 0110,
1057 1147 1186 1187 super
1217 1132 1596 1187 przesentationem
1645 1131 1830 1180 illorum,

428 1215 533 1255 quos
564 1201 620 1241 ad
661 1200 814 1242 salutis
859 1200 1149 1241 ministerium
1182 1201 1391 1249 evocavit,
1427 1203 1687 1248 constanter,
1722 1199 1834 1254 sapi-

427 1271 560 1316 enter,
595 1272 638 1309 et
670 1268 914 1323 diligenter,
947 1271 998 1309 ut
1029 1282 1096 1309 res
1132 1268 1392 1323 expostulat,
1436 1270 1636 1323 satagens
1666 1267 1713 1308 in
1755 1266 1836 1308 hac

428 1339 551 1391 parte
583 1339 834 1391 conceptam
867 1336 951 1376 Dei
972 1336 1247 1377 voluntatem
1279 1335 1526 1391 adimplere,
1558 1349 1636 1391 pro
1669 1349 1764 1390 qua,
1799 1335 1835 1375 si

428 1403 578 1458 placet,
624 1403 739 1457 quod
786 1406 830 1444 et
861 1418 1027 1458 semper
1069 1403 1221 1454 facitis,
1269 1403 1542 1445 Salvatorem
1575 1402 1834 1458 vigilantius

430 1471 727 1525 interpelletis.
795 1470 1034 1512 Conservet
1065 1485 1142 1511 vos
1179 1471 1224 1511 in
1260 1471 1513 1513 difficillimo
1559 1471 1712 1512 salutis
1756 1470 1835 1510 mi-

430 1538 610 1580 nisterio
659 1538 727 1579 his
773 1538 923 1580 diebus
968 1539 1307 1579 clalnnatissimis
1348 1539 1562 1594 sapientia
1603 1538 1831 1587 Alffissimi,

428 1606 652 1661 attingens
693 1620 719 1646 a
749 1606 835 1647 fine
871 1620 1006 1661 usque
1048 1607 1103 1647 ad
1134 1606 1264 1647 finem
1306 1607 1490 1658 fortiter,
1524 1609 1568 1647 et.
1600 1606 1832 1662 disponens

428 1674 576 1715 omnia
626 1674 829 1715 suaviter.
894 1673 1097 1729 Singulos
1136 1673 1340 1715 articulos
1386 1689 1533 1716 eorum
1577 1689 1674 1729 quae
1726 1689 1833 1729 prae-

426 1741 591 1796 scripta
633 1744 746 1789 sunt,
799 1741 901 1782 licet
944 1741 1052 1782 mihi
1096 1756 1184 1782 non
1235 1742 1343 1782 satis
1389 1746 1575 1791 vacaret,
1608 1742 1733 1784 vobis
1778 1756 1832 1783 ex

429 1808 610 1864 singulis
641 1809 910 1864 singulorum
943 1809 1081 1852 causis
1112 1809 1343 1851 insinuavi.

1041 2001 1234 2042 XXVII.

727 2107 926 2150 Domino
958 2107 1215 2151 Lincolm'ae
1247 2108 1408 2151 Frater
1443 2110 1562 2153 Ada.

491 2212 732 2254 Vehemens
795 2213 1026 2255 inundatio
1085 2215 1318 2256 anxiorum
1369 2217 1655 2272 negotiorum,
1710 2218 1832 2274 cujus

430 2280 635 2336 primitus
666 2280 713 2320 in
740 2280 892 2321 littera
922 2282 1193 2333 meministis,
1225 2283 1383 2338 pietati
1415 2285 1612 2326 fidelium
1643 2290 1832 2328 conster-

429 2348 622 2389 nationis
654 2348 874 2389 horrorem
905 2348 1133 2398 incuteret,
1168 2350 1204 2390 01
1235 2365 1324 2391 11011
1355 2352 1695 2408 insuperabilem
1726 2354 1831 2396 fidei

432 2415 673 2457 sublevata}
701 2415 906 2456 fiduciam
936 2415 1120 2465 afferret,
1145 2418 1262 2472 quod
1283 2420 1533 2473 apostolica?
1554 2421 1830 2463 strenuitatis

433 2482 594 2539 pavida
625 2481 870 2523 sollicitudo
909 2483 1144 2524 salubriter
1179 2484 1357 2534 excitat,
1395 2487 1518 2541 quasi
1550 2488 1681 2543 sopiti
1734 2489 1830 2530 Sal-

434 2550 610 2599 vatoris‚
659 2552 877 2590 retentam
925 2551 1198 2601 sententiam,
1243 2567 1320 2607 per
1362 2568 1493 2608 quam
1538 2555 1830 2611 omnipotenti

434 2632 614 2659 summae
640 2617 884 2672 majestatis
920 2618 1103 2674 imperio
1135 2619 1436 2675 reprimuntur
1466 2622 1590 2663 venti
1622 2623 1830 2666 daemoni-

432 2685 569 2726 alium
599 2684 909 2740 nequitiarum,
943 2689 987 2727 et
1029 2700 1147 2727 mare
1178 2687 1468 2743 malignitatis
1501 2690 1704 2733 humanae
1735 2707 1829 2748 per-

479 2848 487 2867 ¹
513 2848 643 2888 Quoted
658 2849 704 2890 by
720 2847 801 2882 Ant.
818 2848 937 2889 Wood,
957 2849 990 2881 fn
1006 2848 1058 2882 his
1075 2849 1162 2883 nist.
1180 2850 1295 2891 Univ„
1313 2851 1347 2883 in
1364 2862 1417 2885 an.
1436 2856 1529 2885 1251.
1577 2854 1638 2888 See
1654 2855 1705 2887 his
1721 2861 1805 2888 note.
