1905 3180
666 262 900 293 Eplsroffle.
1427 256 1482 301 97

87 391 183 418 cum
242 390 365 432 spero
429 377 481 418 de
533 379 825 420 misericordia
876 380 1010 436 ipsius
1063 381 1184 436 cujus
1237 385 1302 423 est
1353 397 1482 438 opera

85 446 238 502 gratiae
286 461 374 488 suae
426 461 514 488 non
561 448 762 500 deserere,
816 464 1038 505 quousque
1087 451 1381 506 compleverit,
1438 457 1483 494 et

85 514 162 554 illa
203 514 255 555 de
308 517 524 569 potestate
582 518 861 558 tenebrarum
925 519 1097 573 eripere,
1144 520 1257 573 quod
1304 520 1484 562 divitias

86 596 191 637 quas
234 582 463 624 devoravit
498 587 679 634 evomet,
724 588 768 626 et
820 585 873 626 dc
918 589 1071 627 ventre
1113 586 1230 627 illius
1278 588 1482 630 extrahet

84 650 181 691 illas
242 649 368 691 Deus.
453 651 555 692 Non
607 667 720 693 cesso
783 653 1001 705 admirari,
1059 655 1260 708 quamvis
1318 656 1483 696 dudum

85 717 192 758 mihi
221 732 310 758 non
344 718 622 774 incognitam,
661 720 950 762 insatiabilem
986 722 1145 762 atrocis
1175 722 1483 765 fraudulentiae

86 785 382 840 cupiditatem,
406 791 564 841 praeter
605 802 747 842 quam,
779 788 886 844 proh
920 789 1070 830 nefas!
1104 789 1232 830 hodie
1267 805 1482 846 nusquam

85 857 308 909 acceptum
360 855 540 910 aliquid,
579 870 794 911 nusquam
846 856 1014 911 aliquid
1067 857 1231 899 celebre
1274 859 1483 914 conspici-

86 936 192 962 mus.
258 921 344 963 Sed
378 923 513 977 quid?
576 923 811 979 Postquam
856 924 1064 965 effrenata
1097 926 1336 980 tyrannide
1371 927 1484 968 solu-

85 993 156 1031 tus
194 989 411 1031 Sathanas
453 991 743 1033 debacchatur
783 992 831 1032 in
873 992 1052 1044 animas,
1097 996 1141 1034 et
1177 1008 1265 1034 non
1308 998 1373 1035 est
1408 996 1483 1050 qui

84 1057 304 1113 recogitet,
337 1062 445 1113 puto
477 1074 601 1101 voces
629 1060 970 1115 supprimendas,
1005 1061 1310 1116 exprimendas
1345 1062 1485 1117 lacry-

86 1140 177 1167 mas
224 1126 458 1167 secundum
505 1127 616 1168 illud
663 1128 910 1183 prophetae:
978 1133 999 1149 “
1020 1127 1126 1180 Quis
1179 1129 1303 1171 dabit
1351 1131 1485 1185 capiti

87 1198 110 1215 “
142 1208 236 1235 meo
277 1197 465 1249 aquam?
506 1198 550 1236 et
584 1195 717 1236 0011113
748 1195 854 1236 meis
887 1195 1053 1237 fontem
1084 1196 1408 1251 lacrymarum?
1440 1202 1485 1239 et

86 1266 110 1283 “
142 1261 319 1317 plorabo
360 1262 430 1303 die
478 1277 527 1303 ac
567 1266 693 1304 nocte
730 1262 981 1304 interfectos
1022 1263 1125 1304 filice
1168 1265 1317 1319 populi
1360 1266 1483 1307 mei.’'

87 1329 213 1380 Quod
235 1330 294 1371 sic
320 1329 426 1378 fiat)
453 1331 554 1384 quia
586 1345 661 1386 per
689 1330 932 1386 apostolum
967 1331 1130 1372 veritas
1159 1332 1238 1372 hoc
1260 1332 1480 1387 loquitur:

87 1404 108 1418 “
143 1396 351 1438 Conteret
384 1397 598 1438 Dominus
636 1398 804 1439 Sathan
835 1398 915 1438 sub
950 1398 1132 1453 pedibus
1169 1400 1325 1441 vestris
1366 1401 1484 1441 velo-

87 1471 108 1486 “
141 1465 282 1506 citer.''
364 1465 560 1521 Vagatus
602 1470 667 1507 est
709 1467 754 1507 in
808 1466 1019 1507 inc-ertum
1062 1467 1201 1508 cordis
1244 1467 1483 1510 disturbati

85 1533 284 1575 calamus

146 1600 302 1642 Valeat
332 1601 457 1643 vobis
499 1602 681 1644 virtutis
723 1603 900 1645 invictae
942 1604 1157 1659 sapientia
1189 1604 1392 1646 salutaris
1437 1605 1482 1647 in

89 1668 273 1719 Christo,
311 1673 386 1711 etc.

719 1880 844 1921 XIV.

355 2007 554 2051 Domino
589 2006 846 2049 Lineolnssioe
881 2006 1043 2049 Frater
1083 2006 1202 2048 Adeo.

149 2136 326 2178 Olivero
353 2137 405 2177 de
437 2136 654 2178 Lexinton
681 2135 875 2186 scholari,
897 2135 1027 2176 latori
1058 2135 1348 2190 praesentium,
1372 2136 1481 2177 mihi
1501 2149 1697 2180 Introduces

87 2205 135 2245 111
179 2204 353 2246 Christo
396 2203 683 2259 spiritualiter
725 2203 895 2255 dilecto,
938 2203 1058 2258 cujus
1092 2218 1229 2245 annos
1264 2194 1671 2268 ,111110111103ἵ(()’1ἰ1ζῖ1ἒ;(18

88 2276 132 2313 et
183 2272 444 2314 litteraturae.
496 2271 778 2327 provectioris
825 2274 869 2312 et
915 2271 1257 2312 conversationis
1290 2271 1482 2314 honestae
1501 2282 1679 2314 Lexinton.

88 2339 246 2381 titulus
276 2340 482 2390 illustrat,
515 2354 604 2380 non
635 2339 911 2380 mediocriter
941 2339 1137 2390 formido,
1182 2340 1388 2394 quoniam
1432 2343 1484 2381 ut

88 2408 215 2449 video
268 2407 367 2449 hinc
422 2407 693 2449 necessitudo
735 2406 952 2449 saecularis
993 2407 1109 2461 cogit
1151 2407 1207 2448 ad
1254 2407 1484 2448 discrimen

91 2475 310 2526 interitus,
342 2475 463 2516 illinc
515 2475 738 2517 {emulatio
781 2475 933 2516 divina
976 2474 1116 2516 trahit
1157 2474 1214 2515 ad
1261 2475 1485 2516 certitudi-

89 2557 188 2584 nem
221 2543 383 2584 salutis.
446 2543 632 2584 Proinde
664 2543 717 2584 de
749 2543 833 2584 isto
865 2546 909 2584 et
941 2543 1007 2583 sui
1040 2542 1266 2594 similibus,
1299 2557 1396 2584 cum
1429 2543 1483 2583 ad

89 2613 279 2651 vestram
320 2610 573 2652 accesserint
615 2611 940 2666 paternitatem,
983 2610 1039 2651 ad
1081 2624 1204 2651 curas
1238 2610 1482 2651 animarum

92 2677 248 2732 quibus
308 2678 559 2719 nullatenus
612 2678 843 2729 sufficiunt,
906 2677 1077 2733 perdita
1139 2677 1482 2718 consideratione

639 2871 644 2889 ¹
676 2869 849 2909 Q.s·1'fi(1t,
868 2870 939 2901 MS.
