1905 3180
658 270 898 301 EPISTOLAE.
1397 263 1417 300 1
1427 261 1480 303 09

79 381 164 422 Dei
208 380 505 431 sanctificatio,
564 396 639 436 per
689 383 1041 425 intercessionem
1091 385 1238 426 Beata·
1283 385 1486 441 Virginis.

79 448 220 504 Super
261 448 314 489 iis
364 462 460 502 quae
510 448 623 490 circa¹
675 464 752 491 vos
793 455 917 506 gesta
964 456 1067 493 sunt
1120 456 1217 507 post
1276 468 1489 494 recessum

76 530 223 557 meum
263 530 288 556 a
319 515 454 565 vobis,
498 519 543 557 et
588 532 716 572 super
768 519 935 559 caeteris
979 523 1224 574 opportune
1267 521 1492 576 signandis

77 583 292 625 desiderio
329 598 436 634 meo,
464 583 501 624 si
533 588 680 626 vestro
708 586 867 627 sederit
896 586 1184 641 beneplacitQ
1219 588 1381 642 poterit
1417 603 1493 644 per

76 651 261 693 latorem
303 652 590 706 praesentium
627 653 842 694 satisfieri.

140 720 276 762 Mitto
338 721 465 761 vobis
519 722 786 777 transcripta
842 723 1092 764 litterarum
1157 724 1326 765 domini
1378 725 1493 780 regis

79 787 276 830 Franciae
312 791 356 829 et
393 789 560 830 domini
602 790 835 831 cardinalis
877 790 1268 832 Thusculanensisl
1307 793 1494 848 episcopi

78 855 131 897 de
174 855 416 898 Christiani
458 857 676 898 exercitus
721 858 892 899 excidio
936 859 982 899 in
1032 859 1226 915 AEgypto
1277 863 1321 901 et
1373 863 1494 901 statu

78 926 205 965 terrae
262 923 564 965 Promissionis
617 925 812 967 evidenti
865 931 1173 982 conceptarum
1235 927 1494 983 diligentia3

80 991 239 1045 quibus
271 991 447 1042 auditis,
482 1007 533 1033 ea
564 992 601 1032 si
637 993 852 1047 placuerit
886 994 995 1035 mihi
1032 995 1256 1036 remittere
1295 995 1494 1050 poteritis

82 1072 181 1100 cum
232 1059 359 1100 Vobis
419 1074 469 1100 ea
516 1063 567 1101 ut
614 1061 951 1103 ostenderentur
1013 1077 1038 1103 a
1090 1062 1290 1104 ministro
1346 1066 1495 1105 nostro

84 1127 333 1182 acceperim.

706 1311 872 1353 XXIV.

366 1428 570 1471 Domino
604 1429 864 1472 Lincoln'ioe
893 1431 1056 1473 Frater
1089 1432 1208 1474 Adeo.

145 1540 277 1583 Mitto
338 1541 463 1583 vobis
524 1542 696 1584 litteras
757 1543 868 1584 mihi
928 1558 1068 1599 nuper
1129 1545 1369 1587 destinatas
1440 1546 1493 1587 de
1512 1541 1584 1575 The
1601 1555 1660 1576 ex-

1511 1597 1617 1620 cesses
1634 1589 1672 1620 of

86 1608 271 1650 Francia
317 1624 344 1650 a
396 1609 587 1664 quodam
639 1609 773 1652 fratre
834 1611 999 1652 ordinis
1060 1613 1199 1654 nostri
1261 1613 1494 1668 probitatis
1510 1631 1566 1663 the
1582 1632 1663 1664 Pas-

84 1677 451 1729 commendandae,
476 1678 528 1719 de
560 1677 761 1719 horribili
792 1682 1019 1734 pastorum
1050 1679 1184 1722 immo
1217 1684 1492 1722 vastatorum
1509 1680 1650 1752 ἓξὲξ
1666 1677 1699 1708 in

84 1745 338 1800 pervicacia,
394 1760 492 1787 cum
538 1746 738 1787 unanimi
780 1747 1040 1802 populorum
1082 1749 1403 1803 conspiratione
1444 1764 1493 1790 in

85 1812 246 1854 clerum
303 1812 492 1854 terrifice
546 1813 872 1868 grassantium3
925 1829 980 1855 ex
1027 1829 1114 1869 qua
1157 1815 1333 1871 colligat
1378 1817 1494 1871 sapi-

85 1879 218 1921 entiae
279 1883 438 1922 vestrae
489 1880 562 1935 pia
615 1880 876 1922 disertitudo
939 1882 1159 1923 districtas
1221 1883 1494 1925 animadver-

86 1947 221 1988 sionis
273 1947 437 1989 divinae
479 1962 681 1989 censuras
720 1948 768 1988 in
811 1948 1050 2003 perditores
1095 1950 1353 2003 animarum,
1398 1966 1494 2007 pas-

86 2017 203 2056 tores
235 2015 425 2057 ecclesiae
466 2015 621 2070 loquor
661 2017 864 2072 usurpati
916 2017 1118 2068 nominis,
1170 2018 1268 2073 plus
1318 2022 1493 2074 proten-

87 2082 188 2124 dere
238 2096 336 2124 reor
387 2097 518 2137 quam
570 2082 746 2133 efficere,
797 2083 913 2139 quod
959 2085 1159 2139 quamvis
1196 2100 1292 2126 cum
1324 2087 1494 2142 ingenti

88 2153 264 2206 stupore
297 2151 508 2192 audimus.
604 2150 821 2193 Dominus
852 2166 932 2193 rex
966 2153 1196 2194 mandavit
1238 2153 1493 2195 officialibus

89 2218 178 2260 suis
229 2217 528 2273 hujuscemodi
589 2223 923 2275 pmcsumptores
984 2224 1062 2262 aut
1123 2221 1355 2264 exturbare
1417 2226 1495 2263 aut

89 2286 461 2342 comprehendere.
526 2286 613 2329 Sed
653 2287 691 2328 si
731 2302 808 2342 per
853 2287 968 2343 ipsos
1011 2288 1183 2344 virgam
1226 2289 1383 2331 furoris
1427 2290 1494 2331 sui

88 2357 286 2395 exerceat
346 2353 659 2395 immanissime
719 2359 956 2410 provocata
1016 2356 1222 2411 majestas
1285 2357 1493 2413 Omnipo-

87 2421 232 2472 tentis,
297 2421 404 2476 quid
468 2422 608 2463 valere
670 2422 948 2478 putabuntur
1001 2423 1240 2466 incorrecta
1290 2425 1492 2468 humanae

87 2489 462 2545 praevaricationis
494 2489 753 2531 molimina?

148 2557 306 2599 Valeat
366 2560 525 2599 vestrae
576 2558 866 2600 beatitudinis
918 2573 1063 2615 sospes
1115 2560 1394 2604 incolumitas
1445 2561 1492 2602 in

90 2624 264 2667 Christo
295 2625 325 2666 J
328 2639 403 2666 esu
434 2639 600 2680 semper
631 2629 675 2666 et
707 2626 960 2667 beatissima
992 2627 1183 2682 Virgine.

617 2843 625 2862 ¹
651 2841 873 2882 Tlmkalemis,
891 2843 963 2876 MS.
