1905 3180
460 307 485 349 6
853 312 1034 346 ’11101115
1066 314 1126 346 DE
1158 314 1420 347 Ecornsrox.

235 438 440 470 A.D.1224.
464 422 580 465 fideli
612 426 656 464 et
688 423 780 465 Deo
822 425 995 478 accepto
1037 421 1289 472 ministerio,
1333 421 1557 464 absolutus
1597 421 1645 464 in
1676 421 1865 478 capitulo

236 502 307 533 The
323 502 415 543 Eng-

233 545 299 595 lish
314 545 393 578 mis-

234 600 314 622 smn.

229 2717 302 2760 Lay

226 2763 390 2796 brethren.

465 490 655 548 generali
706 505 732 531 a
782 490 907 532 bonae
959 490 1176 532 memoriae
1222 490 1374 532 Fratre
1415 490 1599 532 Alberto
1647 489 1703 531 ab
1749 489 1868 531 omni

465 559 649 600 fratrum
700 557 848 608 officio,
893 558 985 600 zelo
1026 558 1128 599 fidei
1177 572 1414 608 51100οΠ5115,
1457 558 1673 614 profectus
1719 560 1784 599 est
1820 557 1867 597 in

466 626 648 682 Syriam,
688 630 732 668 et
771 626 934 682 ibidem
974 626 1088 667 felici
1133 626 1220 667 fine
1260 626 1484 681 requievit.
1562 624 1734 668 Tertius
1775 627 1868 666 erat

463 693 618 737 Frater
650 693 892 736 Richardus
930 693 1219 736 Devoniensis
1253 694 1452 736 similiter
1483 693 1761 750 AnglicanuS‚
1800 707 1867 735 or-

462 762 562 804 dine
594 761 784 812 acolitus,
820 766 950 804 aetate
985 762 1173 818 juvenis,
1211 762 1285 817 qui
1315 761 1662 818 longanimitatis
1693 765 1738 804 et
1768 761 1866 803 obe-

460 830 637 872 dientiae
688 830 876 886 plurima
924 830 1048 872 nobis
1101 830 1299 886 exempla
1344 830 1529 886 reliquit.
1607 829 1725 871 Nam
1767 832 1867 885 post

459 898 650 940 diversas
700 898 944 955 provincias
998 913 1074 954 per
1128 898 1421 940 obedientiam
1474 901 1733 954 peragratas,
1788 911 1866 953 per

457 981 594 1008 annos
624 980 695 1008 xv.
728 966 920 1008 febribus
952 970 1048 1007 tum
1080 966 1303 1021 quartanis
1334 966 1603 1021 frequentius
1643 965 1863 1021 fatigatus,

457 1034 573 1089 apud
613 1034 754 1075 locum
809 1033 1044 1076 Romehale
1094 1034 1297 1076 continue
1350 1034 1609 1076 morabatur.
1674 1033 1866 1086 Quartus

457 1105 550 1143 erat
593 1101 745 1143 Frater
778 1101 1041 1143 willielmus
1078 1101 1130 1143 de
1173 1101 1351 1158 Esseby,
1385 1102 1433 1143 in
1474 1116 1682 1158 capa-rone
1712 1101 1866 1158 proba-

457 1169 588 1210 tionis
646 1168 786 1211 adhuc
838 1169 1042 1218 novitius,
1102 1169 1280 1211 natione
1334 1169 1535 1212 similiter
1582 1169 1862 1226 Anglicanus‚

456 1241 586 1279 aetate
627 1236 813 1292 juvenis.
890 1238 981 1279 Iste
1024 1237 1072 1279 in
1117 1238 1298 1280 diversis
1347 1237 1507 1288 officiis,
1559 1237 1723 1280 diutius
1765 1237 1864 1279 sub-

456 1304 733 1347 ministrante
784 1304 941 1361 spiritu
982 1305 1012 1347 J
1015 1321 1091 1347 esu
1133 1305 1308 1355 Christi,
1359 1305 1640 1348 laudabiliter
1689 1305 1860 1356 durans,

455 1372 716 1414 humilitatis
757 1377 802 1415 et
842 1373 1122 1429 paupertatis,
1167 1373 1361 1416 caritatis
1413 1377 1458 1416 et
1500 1373 1858 1424 mansuetudinis,

457 1439 714 1483 obedientiae
756 1444 801 1482 et
840 1441 1077 1496 patientiae,
1122 1445 1167 1483 et
1208 1441 1349 1483 omnis
1400 1441 1677 1498 perfectionis
1718 1455 1862 1484 exem-

456 1508 529 1563 pla
583 1507 708 1549 nobis
764 1508 951 1563 reliquit.
1031 1509 1177 1561 Qurun
1233 1514 1381 1551 autem
1438 1514 1650 1566 quaereret
1703 1510 1759 1552 ab
1812 1524 1862 1552 eo

458 1575 611 1617 Frater
653 1575 886 1632 Gregorius
927 1576 1127 1618 minister
1176 1576 1212 1617 F
1214 1578 1372 1620 ranciae
1417 1584 1439 1599 “
1459 1578 1497 1620 si
1537 1579 1672 1620 vellet
1711 1578 1774 1620 ire
1814 1578 1863 1619 in

457 1642 728 1699 Angliam2⁷'
775 1645 998 1700 respondit
1043 1650 1121 1686 “se
1174 1645 1336 1687 nescire
1393 1646 1430 1687 si
1469 1645 1641 1688 vellet.”
1716 1645 1861 1698 Quum

456 1710 686 1753 mir-aretin*
726 1711 924 1754 minister
969 1713 1021 1754 de
1072 1727 1286 1768 responso,
1330 1713 1509 1756 tandem
1550 1713 1666 1756 dixit
1707 1713 1744 1756 F
1745 1717 1862 1756 rater

457 1778 743 1821 XVillielmus:
792 1780 992 1822 “Idcirco
1034 1795 1078 1822 se
1119 1781 1282 1823 nescire
1326 1781 1432 1836 quid
1464 1781 1608 1832 vellet,
1653 1781 1755 1838 quia
1786 1797 1862 1824 vo-

455 1847 600 1888 luntas
642 1862 719 1889 sua
759 1862 848 1890 non
893 1852 986 1890 erat
1037 1863 1114 1890 sua
1168 1849 1243 1891 sed
1295 1848 1512 1901 ministri3
1563 1849 1680 1892 unde
1720 1850 1862 1892 voluit

456 1914 659 1969 quicquid
711 1915 909 1958 minister
965 1915 1107 1958 voluit
1162 1916 1305 1973 ipsum
1361 1916 1511 1959 velle.''
1572 1916 1690 1959 Huic
1737 1917 1861 1960 testi-

454 1982 649 2023 monium
680 1983 869 2038 praebuit
901 1983 1056 2026 Frater
1091 1983 1157 2026 W.
1195 1985 1248 2026 de
1289 1984 1574 2041 Notingham,
1611 1986 1727 2041 quod
1766 1990 1862 2029 erat

454 2049 857 2103 obedientissimus3
904 2067 1038 2108 quum
1079 2052 1196 2095 enim
1246 2053 1368 2095 daret
1416 2053 1456 2096 ei
1512 2053 1732 2110 optionem
1786 2054 1861 2096 eli-

453 2117 583 2174 gendi
616 2119 699 2160 sibi
729 2119 870 2161 loemn
902 2120 958 2162 ad
999 2121 1273 2171 manendum,
1309 2120 1423 2163 dixit
1454 2122 1570 2177 quod
1603 2122 1755 2165 “locus
1785 2122 1859 2165 ille

455 2185 538 2227 sibi
572 2201 738 2229 summe
768 2187 932 2243 placuit
978 2203 1106 2244 quem
1151 2189 1235 2231 sibi
1270 2189 1459 2245 placeret
1489 2188 1574 2232 sibi
1603 2189 1859 2247 assignare?

455 2252 515 2294 Et
556 2254 657 2309 quia
697 2255 1008 2298 blandimentis
1048 2257 1263 2312 praecipue
1311 2257 1521 2313 praeditus
1571 2261 1667 2300 erat
1705 2259 1859 2315 gratis-

455 2320 575 2363 simae
606 2321 810 2373 lenitatis,
847 2323 1132 2379 plurimorum
1164 2324 1419 2367 secularium
1452 2323 1500 2366 'm
1531 2325 1725 2368 ordinem
1760 2341 1857 2383 pro-

452 2389 627 2431 voca-vit
687 2390 900 2435 affectum.
985 2391 1169 2448 Insuper
1224 2393 1368 2448 plures
1424 2393 1601 2436 idoneas
1653 2409 1856 2450 personas

452 2456 632 2499 diversae
665 2458 902 2514 dignitatis,
942 2461 1097 2510 aetatis,
1145 2464 1190 2502 et
1232 2460 1404 2512 ordinis,
1449 2460 1505 2503 ad
1544 2461 1663 2503 viam
1703 2462 1856 2504 salutis

452 2525 657 2576 induxit3
703 2530 747 2568 et
780 2527 827 2568 in
867 2528 1018 2570 multis
1060 2529 1377 2571 demonstra-vit
1417 2529 1474 2571 ad
1514 2530 1695 2580 oculum,
1739 2528 1856 2585 quod

452 2592 578 2634 novit
620 2593 755 2636 dulcis
796 2595 827 2637 J
830 2610 905 2637 esu
946 2596 1166 2639 mirabiles
1205 2611 1274 2640 res
1314 2596 1462 2648 facere,
1506 2601 1551 2640 et
1592 2597 1646 2640 de
1676 2596 1854 2640 locustis

451 2660 622 2701 vincere
654 2661 877 2717 gigantes.¹

513 2727 631 2769 Laici
661 2743 764 2771 vero
807 2731 984 2774 fuerunt
1015 2733 1089 2784 hi;
1140 2732 1305 2789 primus
1347 2732 1501 2776 Frater
1543 2732 1758 2777 Henricus
1800 2733 1852 2778 de

997 2933 1005 2951 ¹
1030 2931 1129 2964 Num.
1147 2932 1218 2965 xiii.
1236 2934 1287 2965 33,
