1905 3180
378 274 460 315 212
852 279 957 310 Am:
991 278 1051 307 DE
1082 275 1278 307 munseo

372 397 605 443 silentium,
662 396 927 451 suspirantes
970 393 1049 434 filii
1096 392 1225 448 pacis,
1274 405 1371 432 cum
1410 390 1628 432 Hezecliia
1669 404 1768 446 rege

373 465 401 508 J
407 465 530 506 udae-i
566 467 746 518 rogante
785 478 882 517 quae
914 462 969 503 ad
991 475 1138 516 pacem
1159 462 1262 500 sunt
1294 459 1549 511 Jerusalem,
1583 459 1768 500 clamare

372 535 614 587 coguntur:
652 531 918 572 “Venerunt
949 529 1027 570 filii
1060 542 1195 583 usque
1227 527 1283 568 ad
1316 531 1501 582 partum,
1546 531 1589 568 et
1627 528 1768 568 virtus

373 605 395 621 “
427 614 514 640 non
576 603 669 640 erat
722 597 952 655 pariendi.'’
1030 596 1115 648 Qui
1166 598 1268 636 sunt
1325 595 1483 636 etenim
1543 595 1633 644 filii,
1685 595 1769 636 nisi

372 668 530 709 divinae
584 668 698 723 pacis
747 669 975 722 conceptus
1021 662 1171 715 sancti,
1218 677 1325 720 quos
1374 663 1446 718 pia
1497 662 1769 718 pacificarum

371 736 582 776 mentium
629 734 921 776 sollicitudine
967 747 1056 782 vos,
1106 734 1353 786 vestraeque
1394 730 1644 772 sanctitatis
1685 731 1770 772 col-

369 804 540 859 legium,
585 807 676 845 tam
717 802 951 858 vigilanter
1002 815 1152 856 parere
1194 799 1427 855 sategistiS‚
1471 798 1547 840 ubi
1588 799 1654 841 vis
1698 799 1770 840 de-

369 872 481 914 fecta
525 871 772 922 conaminis,
819 885 915 925 quas
959 869 1192 910 salubriter
1233 867 1442 922 concepit,
1494 881 1770 923 nequaquam

369 940 506 981 edidit
562 939 825 981 efficaciter?
920 937 1080 978 Vereor
1134 937 1180 977 in
1244 935 1323 977 hoc
1382 935 1535 977 salutis
1593 934 1770 990 negotio

368 1008 632 1063 benignitati
680 1006 924 1048 dilectionis
969 1005 1086 1061 pacis
1143 1004 1353 1060 pariturae
1406 1005 1663 1059 conceptum
1707 1017 1770 1044 se-

368 1075 582 1116 ditionum
617 1074 985 1130 perniciosissimae
1017 1073 1163 1129 pestis,
1199 1072 1428 1113 draconem
1461 1085 1589 1126 quem
1621 1070 1772 1112 scribit

367 1143 604 1184 coelestium
628 1143 935 1197 mysteriorum
968 1141 1042 1182 ille
1086 1139 1426 1196 Contemplator,
1459 1139 1537 1180 ubi
1571 1139 1731 1181 dicitur
1760 1155 1769 1180 :

370 1218 389 1232 “
424 1211 481 1252 Et
516 1211 639 1252 draco
685 1210 808 1251 stetit
854 1213 955 1251 ante
1005 1209 1230 1250 mulierem
1285 1222 1379 1263 quae
1427 1210 1519 1248 erat
1561 1207 1768 1263 paritura,

371 1286 391 1300 “
425 1283 475 1320 ut
526 1294 621 1320 cum
673 1278 910 1334 peperisset
972 1277 1111 1318 filium
1173 1276 1266 1331 ejus
1326 1275 1589 1317 devoraret?
1673 1275 1769 1317 Hoc

371 1347 529 1402 quippe
572 1347 674 1395 loco,
720 1347 894 1386 nomine
937 1345 1139 1393 mulieris,
1186 1344 1292 1399 quid
1334 1343 1663 1385 convenientius
1698 1358 1772 1386 ex-

368 1414 572 1469 primitur
631 1429 760 1468 quam
812 1413 1011 1468 benignae
1064 1412 1258 1453 caritatis
1310 1411 1493 1453 fecunda
1548 1412 1767 1463 sedulitas,

371 1482 505 1536 [quae]
539 1482 752 1522 divinitus
790 1484 1044 1535 conceptum
1076 1480 1190 1535 pacis
1224 1480 1463 1534 principem
1499 1482 1679 1520 conatur
1721 1483 1771 1522 ut

366 1550 516 1604 pariat,
540 1552 641 1590 ante
664 1546 814 1603 quam¹
846 1549 982 1597 draco,
1007 1548 1081 1603 qui
1111 1551 1176 1588 est
1201 1562 1350 1588 sensus
1372 1547 1620 1588 seduotims
1642 1562 1772 1589 saecu-

364 1617 464 1657 laris
490 1617 673 1665 astutiae,
700 1620 948 1671 perseverat
979 1616 1025 1656 in
1058 1615 1227 1656 insidiis
1259 1615 1314 1656 ad
1346 1615 1506 1656 divinae
1537 1615 1669 1670 prolis
1704 1615 1772 1658 de—

364 1684 660 1735 vorationem3
694 1684 767 1738 qui
802 1683 1035 1724 secundum
1069 1682 1151 1724 Dei
1182 1682 1443 1737 Apostolum
1474 1682 1530 1724 sit
1562 1686 1770 1734 terrenus,

364 1752 574 1799 animalis,
617 1754 660 1792 et
701 1751 966 1800 diabolicus3
1017 1764 1149 1804 quum
1182 1753 1388 1798 terrenus,
1433 1750 1544 1790 nihil
1581 1754 1772 1793 sectatur

364 1819 448 1859 nisi
481 1819 720 1859 mundialia
752 1818 925 1859 mobilis
958 1817 1193 1858 affluentiae
1238 1817 1501 1872 compendia,
1535 1819 1770 1860 secundum

362 1886 496 1927 illud:
535 1892 553 1906 ί·
580 1886 713 1936 Quasi
746 1885 988 1940 Phytonis²
1019 1899 1107 1926 vox
1139 1889 1218 1926 tua
1249 1885 1301 1926 de
1333 1888 1449 1926 terra
1480 1888 1524 1927 et
1555 1886 1607 1927 de
1640 1886 1771 1929 humo

364 1959 385 1980 “
416 1954 666 1995 mussitabit
687 1953 905 2007 eloquium
928 1957 1053 1994 tuum
1068 1952 1106 1994 ”2
1154 1952 1299 2004 Quum
1328 1953 1432 1994 alias
1464 1953 1575 1994 nihil
1596 1954 1772 1997 affectat

362 2021 445 2061 nisi
477 2021 665 2062 carnalia
693 2021 839 2062 fluidae
861 2021 1100 2076 voluptatis
1123 2021 1334 2076 contagia,
1358 2022 1595 2063 secundum
1616 2022 1725 2064 illud
1742 2022 1772 2064 :³

363 2094 385 2109 “
418 2089 460 2129 N
464 2088 600 2129 ullum
643 2087 894 2143 peccatum4
925 2088 982 2130 sit
1024 2089 1141 2143 quod
1165 2103 1254 2130 non
1286 2092 1558 2145 pertranseat
1597 2090 1773 2132 luxuria

365 2162 385 2176 “
417 2159 596 2206 nostra3
654 2170 780 2197 nemo
829 2159 1026 2197 nostrum
1071 2157 1129 2197 sit
1177 2171 1325 2198 exsors
1368 2157 1556 2199 luxuriae
1600 2161 1769 2202 nostrae.

364 2230 383 2243 ‘¹
421 2222 594 2277 Ubique
626 2223 920 2278 relinquamus
958 2224 1082 2279 signa
1122 2224 1301 2274 laetitiae,
1347 2225 1553 2279 quoniam
1584 2225 1675 2267 haec
1707 2229 1772 2267 est

363 2296 385 2311 ‘⁵
417 2304 514 2345 pars
535 2293 684 2331 nostra
706 2294 750 2332 et
763 2290 854 2332 haec
875 2294 940 2332 est
961 2306 1051 2333 sors
1073 2291 1257 2333 nost1·a.''
1302 2292 1519 2343 Quoniam
1532 2293 1771 2335 diabolicus

361 2357 471 2397 nihil
503 2358 642 2398 ambit
678 2358 762 2398 nisi
794 2359 1070 2401 daemoniales
1103 2360 1359 2415 pompaticae
1388 2360 1662 2415 gloriationis
1698 2375 1771 2403 ex-

360 2424 592 2476 tollentias,
625 2426 858 2467 secundum
884 2426 1020 2468 illud:
1059 2433 1079 2449 “
1103 2427 1315 2483 Superbia
1346 2428 1486 2470 cordis
1517 2429 1583 2470 tui
1612 2429 1771 2471 extulit

405 2665 412 2682 ¹
431 2670 550 2705 (mesni,
583 2664 655 2697 MS.
1094 2668 1247 2701 different
1265 2670 1325 2701 but
1345 2670 1459 2702 coeval
1476 2669 1585 2709 hand3
1610 2672 1770 2714 probably

404 2717 416 2734 ²
433 2716 567 2753 Firmis,
598 2717 671 2749 MS.
1096 2723 1140 2763 by
1162 2723 1217 2754 the
1234 2722 1369 2754 Author
1393 2723 1536 2762 himself,
1565 2733 1601 2755 as
1639 2725 1766 2756 several

403 2770 414 2787 ³
433 2771 451 2786 ‘⁴
469 2770 575 2806 Quas-i
584 2768 738 2809 I'laeytont's
755 2794 761 2801 .
780 2794 787 2801 .
809 2795 815 2802 .
834 2795 840 2802 .
859 2772 1026 2803 seeundum
1096 2775 1296 2806 corrections
1322 2785 1422 2806 occur
1449 2775 1483 2806 in
1511 2776 1537 2807 it
1564 2776 1768 2818 throughout

360 2820 465 2862 illud„
520 2821 592 2852 The
609 2821 714 2852 whole
737 2823 774 2853 of
794 2823 858 2854 this
875 2830 1026 2857 sentence
1097 2827 1151 2857 the
1170 2827 1244 2858 MS.

360 2874 417 2905 has
434 2874 515 2905 been
533 2874 637 2904 added
660 2874 694 2905 in
720 2875 773 2906 the
797 2876 925 2917 margin
951 2877 984 2908 in
1008 2888 1026 2909 a
1144 2880 1155 2897 ⁴
1172 2879 1244 2914 The
1261 2880 1400 2922 reading
1412 2880 1438 2912 is
1452 2881 1610 2913 doubtful.
