1905 3180
433 271 516 311 232
902 276 1006 306 ADAE
1039 272 1099 306 DE
1130 272 1325 306 MARlsco

1034 453 1158 498 CIII.

420 584 684 628 Proedz‘lecto
727 584 817 627 sibi
859 583 916 625 ‘in
949 579 1124 624 Christo
1167 581 1384 637 σηαῃίεένο
1427 581 1474 625 S.
1511 582 1625 625 Gien
1655 581 1816 625 Frater

539 652 646 695 Adeo
691 653 893 702 salutem,
940 654 977 692 et
1014 652 1116 704 post
1153 662 1312 703 pacem
1358 649 1570 706 temporis
1618 649 1816 706 ffloriam

538 720 810 763 (eternitatis.
828 719 841 742 ¹

198 836 398 913 fflgfftffg‘the
479 842 719 898 Benignam
749 846 904 884 vestrae
936 842 1183 883 sedulitatis
1218 839 1456 882 amicitiam
1490 838 1601 880 sicut
1633 838 1812 893 dignum

197 925 255 956 has
272 925 400 957 written
418 912 484 950 est
515 911 758 965 amplector,
807 924 882 965 per
926 924 1055 965 quam
1100 909 1208 950 mihi
1241 912 1285 950 et
1316 908 1447 949 fidem
1490 905 1731 948 affectionis
1773 908 1818 946 et

196 974 230 999 ¹⁰
246 969 296 999 his
310 969 398 1009 P¹¹Pi¹
417 977 590 1018 honoris
621 977 806 1033 gratiam
849 977 1052 1019 exhibere
1083 993 1172 1019 non
1204 976 1364 1018 deserit
1395 979 1554 1016 vestrae
1587 973 1818 1015 suavitatis

196 1012 353 1087 {1332th
416 1045 607 1086 studiosa
639 1045 888 1086 sollicitudo.
944 1046 1090 1100 Igitur
1118 1060 1226 1095 cum,
1259 1045 1369 1086 sicut
1397 1058 1452 1085 ex
1477 1047 1626 1084 tenore
1654 1042 1819 1083 littera-

195 1106 351 1176 {ffsste'm
366 1100 404 1132 of
417 1127 512 1153 rum
545 1116 787 1154 vestrarum
832 1113 983 1168 accepi,
1030 1116 1169 1154 status
1213 1112 1298 1153 mei
1342 1110 1649 1153 certitudinem
1693 1108 1818 1151 vobis

418 1180 626 1221 insinuari
678 1180 914 1229 volueritis
983 1184 1140 1222 vestrae
1184 1180 1378 1236 significo
1431 1177 1652 1220 dilectioni
1704 1177 1820 1232 quod

419 1247 472 1288 de
513 1248 783 1289 ordinatione
836 1248 1104 1304 superiorum
1157 1262 1351 1289 meorum
1404 1260 1511 1288 onus
1566 1245 1820 1286 eruditionis

418 1315 731 1370 impendendae,
774 1318 1023 1371 portaturus
1056 1315 1166 1357 illud
1217 1330 1292 1371 per
1333 1317 1591 1370 praesentem
1644 1327 1817 1361 annum,

419 1383 653 1424 secundum
685 1383 800 1438 quod
830 1383 961 1424 fuerit
991 1383 1180 1439 propitia
1211 1383 1431 1433 divinitas,
1464 1381 1647 1423 Oxoniae
1678 1380 1822 1422 subivi

418 1454 469 1491 ut
500 1451 630 1499 valui,
671 1450 836 1505 aliquot
871 1451 1022 1492 diebus
1059 1455 1161 1492 ante
1199 1451 1358 1492 festum
1392 1449 1600 1491 Omnium
1644 1449 1822 1490 Sancto-

200 1520 285 1555 Nov.
307 1525 363 1554 lst.
419 1531 515 1559 rum
548 1518 744 1573 proximo
778 1519 1060 1574 prseteritum.
1134 1518 1351 1560 Caeterum
1400 1518 1574 1558 domino
1597 1516 1822 1558 Bartholo-

420 1599 514 1627 meo
547 1586 763 1640 quondam
808 1586 1016 1642 discipulo
1049 1590 1193 1628 vestro
1238 1585 1386 1641 scripsi
1429 1586 1631 1633 litteram,
1677 1599 1823 1626 secun-

423 1652 526 1695 dum
578 1654 692 1709 quod
742 1654 882 1696 visum
935 1655 1041 1695 mihi
1093 1654 1177 1696 fuit
1213 1654 1438 1702 efficacem,
1484 1667 1561 1709 pro
1609 1652 1822 1694 solutione

422 1721 557 1762 debiti
608 1721 888 1772 acceleranda,
923 1737 1006 1778 quo
1058 1723 1181 1764 vobis
1233 1726 1413 1764 tenetur.
1509 1721 1648 1776 Super
1703 1719 1822 1775 cujus

421 1789 625 1830 dilatione
666 1790 769 1831 satis
813 1789 947 1839 doleo,
991 1804 1077 1831 non
1129 1791 1219 1831 sine
1272 1788 1540 1831 verecundja.
1625 1788 1822 1844 Denique

420 1856 523 1910 quid
555 1871 679 1912 agere
719 1858 878 1912 poterit
919 1858 1123 1899 timorata
1154 1861 1309 1899 vestrae
1353 1856 1546 1898 caritatis
1581 1856 1820 1911 vigilantia,

420 1938 548 1978 quam
581 1928 624 1966 et
660 1925 842 1980 probata
878 1924 1156 1975 conversatio,
1191 1929 1235 1967 et
1267 1925 1475 1967 eruditior
1516 1924 1738 1973 industria,
1778 1927 1823 1965 et

419 1992 636 2033 {emulatio
667 1993 844 2043 fervens,
867 1993 1071 2049 insignire
1103 1997 1428 2049 cognoscuntur,
1452 1991 1535 2034 nisi
1561 1991 1693 2047 juxta
1713 1992 1824 2033 salu-

418 2064 531 2102 tares
553 2060 735 2101 coelestis
756 2061 966 2116 evangelii
987 2061 1237 2111 sanctiones,
1267 2076 1411 2103 curam
1434 2058 1640 2116 pastionis
1660 2060 1824 2115 impen-

422 2127 520 2168 dere
567 2127 804 2177 animabus,
837 2143 913 2183 pro
962 2129 1119 2184 quibus
1171 2129 1250 2170 sub
1302 2128 1564 2170 formidandi
1610 2128 1821 2169 examinis

421 2194 686 2236 districtione
731 2196 1028 2251 spopondistis,
1061 2197 1107 2238 in
1139 2195 1289 2238 salutis
1331 2197 1634 2252 operationem,
1673 2199 1724 2236 ut
1766 2194 1821 2236 ad

423 2262 633 2316 duplicem
666 2262 872 2304 honorem
905 2264 973 2313 eis,
1009 2265 1082 2319 qui
1123 2265 1232 2306 bene
1264 2268 1468 2320 praesunt,
1503 2264 1712 2305 divinitus
1743 2263 1823 2304 im-

423 2330 708 2384 pendendum,
742 2345 837 2385 cum
886 2333 1137 2387 triumphali
1190 2347 1346 2374 corona
1391 2331 1675 2387 pertingatis;
1726 2334 1823 2386 post

424 2397 611 2437 multum
643 2398 1017 2452 reprehensibilem
1055 2400 1339 2441 diuturnioris
1370 2411 1502 2440 morae
1535 2397 1820 2454 dispendium,

426 2463 481 2503 ad
532 2478 697 2504 sacrum
759 2466 982 2507 sacerdotii
1033 2468 1228 2522 gradum,
1282 2467 1516 2509 secundum
1578 2466 1820 2521 cogentiam

425 2533 580 2572 vestrze
624 2532 906 2585 professionis,
952 2549 1040 2575 non
1081 2538 1171 2576 tam
1218 2535 1440 2576 humiliter
1481 2549 1610 2589 quam
1647 2531 1822 2575 fiducia-

424 2598 523 2639 liter
553 2599 798 2641 accedentes
834 2599 912 2642 sub
945 2602 1144 2644 clementi
1177 2602 1415 2644 Salvatoris
1452 2601 1699 2657 patrocinio.

487 2665 542 2706 In
573 2669 785 2708 aeternum
817 2669 968 2710 valete.

970 2898 976 2921 ¹
993 2902 1054 2935 Sec
1068 2898 1170 2944 Epist.
1189 2898 1315 2936 CXXI.
