1905 3180
172 1095 254 1136 May
273 1093 344 1126 31·d.

380 281 464 322 210
658 315 662 320 .
865 283 970 316 ADAE
1003 283 1063 315 DE
1094 281 1290 315 MAmsco

381 412 513 457 antes,
539 406 597 448 ad
624 404 829 447 salutaria
857 402 1096 444 coelestium
1122 400 1397 442 vocationum
1420 398 1783 456 contemplamina

380 480 533 518 votum
565 473 871 516 contulerunt:
926 470 1049 521 Cum,
1072 470 1262 525 inquam,
1285 469 1377 511 haec
1410 469 1469 510 sic
1506 484 1549 510 se
1580 468 1782 519 habeant,

382 545 580 586 inolitam
609 540 894 597 benignitatis
923 542 1078 580 vestrae
1108 537 1379 579 clementiam
1411 537 1635 578 humiliter
1666 550 1782 592 rogo,

384 613 627 668 supplicans
654 609 858 652 obnixius
881 612 1094 664 quatenus
1124 607 1178 648 ob
1201 606 1609 662 contemplationem
1628 605 1781 661 Ipsius,

386 682 460 738 qui
502 695 589 721 non
643 679 726 720 nisi
780 692 926 734 pacem
968 675 1226 717 innocentiae
1268 678 1594 716 consecuturam
1637 688 1785 730 pacem

386 750 545 806 gloriae,
589 748 777 789 maxime
820 745 972 787 mundi
1005 743 1380 786 renunciatoribus
1421 746 1513 784 tam
1555 742 1787 798 diligenter

388 818 622 865 insinuans,
670 816 743 867 ait,
791 815 987 855 “Pacem
1019 813 1263 868 relinquam
1295 811 1431 863 vobis,
1465 825 1613 867 pacem
1645 825 1785 852 meam

391 892 411 908 “
445 886 499 927 do
537 885 660 926 vobis
681 884 716 925 :'’
749 883 821 939 pia
854 882 1184 939 longanimitate
1214 895 1443 937 prorogare
1475 880 1632 930 velitis,
1667 895 1693 920 a
1717 879 1790 934 ju-

391 954 558 996 dicibus
598 952 752 994 vestris
790 950 1097 993 demandatam
1135 965 1324 991 censurae
1362 948 1557 990 arctioris
1599 948 1790 990 executi-

394 1036 530 1073 onem,
573 1034 708 1076 usque
750 1021 804 1061 ad
842 1020 958 1061 diem
995 1022 1194 1060 octavam
1228 1019 1283 1060 ab
1321 1017 1583 1059 Inventione
1618 1016 1790 1059 Sanctae

396 1090 555 1142 Crucis,
585 1090 704 1131 salvo
720 1089 819 1144 jure
847 1092 1003 1139 vestro,
1032 1087 1112 1128 sub
1142 1102 1214 1143 spe
1249 1086 1367 1142 pacis
1400 1085 1688 1127 reformandae
1717 1100 1793 1141 per

394 1160 504 1200 filios
545 1158 661 1214 pacis
701 1157 928 1212 utriusque
965 1156 1101 1212 partis
1138 1155 1308 1204 amicos,
1347 1158 1538 1196 cessante
1574 1153 1794 1209 judicialis

396 1228 600 1283 strepitus
629 1226 867 1277 discordia,
905 1228 1028 1267 tanto
1063 1225 1098 1265 si
1130 1224 1270 1280 placet
1306 1222 1573 1279 propensiori
1609 1221 1796 1263 benevo-

397 1296 533 1337 lentia
564 1297 820 1351 praesentem
853 1293 1132 1349 suscipientes
1179 1292 1447 1348 petitionem,
1482 1294 1647 1346 quanto
1680 1290 1798 1346 quod

398 1364 563 1420 petitur
595 1366 705 1404 teste
738 1362 962 1417 Scriptura
997 1362 1163 1403 cunctis
1205 1360 1473 1411 mortalibus,
1507 1359 1667 1401 nedum
1711 1358 1798 1400 illis

401 1433 477 1487 qui
509 1432 561 1472 de
593 1431 767 1487 pacifica
799 1431 907 1471 vitae
940 1429 1150 1485 regularis
1179 1429 1405 1471 concordia
1437 1428 1691 1484 gloriantur,
1725 1442 1798 1484 op-

401 1500 578 1542 tabilius
610 1514 696 1540 esse
729 1499 1011 1554 cognoscitur.

462 1568 618 1609 Valeat
660 1568 733 1623 pia
773 1570 930 1608 vestrae
972 1566 1166 1607 caritatis
1207 1565 1484 1608 incolumitas
1533 1565 1578 1605 in
1626 1563 1800 1606 Christo

404 1651 569 1692 semper
591 1639 634 1678 et
662 1635 912 1677 beatissima
934 1634 1123 1691 Virgine.

1046 1908 1161 1949 XCI.

407 2082 663 2125 Reverendo
694 2081 749 2122 {n
787 2080 959 2123 Christo
996 2079 1126 2135 patri
1159 2084 1195 2121 et
1228 2078 1415 2121 domim
1446 2079 1519 2131 H.,
1557 2079 1724 2122 Abbati
1756 2080 1809 2122 (Ze

534 2149 785 2198 Wauthasm„
829 2149 990 2190 Frater
1044 2149 1098 2190 A.
1141 2149 1332 2190 sulutem
1381 2152 1419 2190 et
1463 2147 1708 2204 subjectum
1752 2148 1808 2191 in

530 2217 728 2261 Domino
760 2216 915 2258 debite&
947 2215 1196 2259 devotionis
1217 2215 1519 2272 fcwnulatum.

473 2378 543 2419 Ad
585 2377 789 2419 eximiam
842 2378 1087 2419 sanctitatis
1134 2380 1292 2419 vestrae
1334 2377 1542 2433 pietatem
1584 2377 1630 2417 in
1671 2376 1810 2418 causis

413 2446 676 2487 salutaribus
708 2449 832 2487 tanto
866 2446 1108 2487 fiducialius
1141 2446 1369 2497 acceditur,
1406 2449 1568 2500 quanto
1602 2445 1714 2486 circa
1746 2460 1810 2486 sa-

412 2515 518 2556 lutis
540 2514 857 2555 zemulationem
881 2529 957 2569 per
985 2515 1104 2569 pium
1131 2514 1384 2555 favorabilis
1409 2513 1646 2555 clementiae
1669 2516 1812 2568 patro-

415 2583 576 2624 cinium
608 2582 783 2622 suavius
813 2582 978 2624 fervere
1010 2582 1324 2639 multiplicibus
1356 2582 1664 2639 experimentis
1701 2595 1812 2624 com-

416 2650 667 2708 probamini.
730 2649 834 2691 Sat.¹

629 2883 636 2901 ¹
663 2882 751 2914 llere
769 2883 896 2915 follows
913 2893 932 2915 a
947 2883 1047 2914 blank
1066 2882 1099 2914 in
1116 2882 1171 2915 the
1189 2882 1263 2917 MS.
1281 2883 1320 2915 of
1338 2882 1508 2925 forly-one
1524 2883 1616 2915 lines.
