1905 3180
180 829 252 862 The
269 834 342 861 true

178 873 318 905 motives

178 918 242 949 and
258 927 335 958 pur·

178 971 271 1002 poses
288 961 326 992 of

176 1005 314 1047 victory.

392 245 477 291 280
876 249 1074 284 Amatne
1104 249 1299 280 Minstffio

995 511 1190 555 CXLVI.

394 632 580 677 Illastri
610 630 719 683 viro,
754 628 940 671 domino
961 626 1004 671 S.
1029 625 1195 669 Comata
1214 622 1483 679 Leycestrz'w,
1508 623 1665 664 Frater
1686 619 1794 663 Adeo

832 695 1024 739 salutem
1060 693 1111 736 ὶη
1141 692 1349 735 Domino.

457 823 625 867 Notum
686 825 750 864 est
810 818 1031 867 iuiiversis,
1083 831 1187 872 quos
1238 813 1416 858 rationis
1462 811 1658 871 expertes
1708 827 1795 854 non

397 896 529 935 vexat
570 891 745 939 insania,
783 889 885 944 quia
915 886 1150 943 periculosa
1180 884 1339 925 laboris
1379 883 1522 925 bellici
1562 882 1797 924 certa-mina

398 964 442 1003 et
478 961 658 1015 dignum
685 957 872 1007 initium,
908 958 951 996 et
977 954 1146 1009 justum
1188 966 1442 1008 processum,
1485 954 1529 992 et
1565 950 1795 991 salutarem

400 1029 566 1070 exitum
609 1026 752 1068 sortiri
793 1023 1003 1065 divinitus
1057 1023 1381 1077 cognoscuntur,
1429 1033 1525 1060 cum
1568 1021 1611 1059 et
1657 1018 1797 1058 virtus

398 1094 617 1151 impavida
668 1097 711 1134 et
761 1105 907 1133 sensus
958 1090 1170 1131 inerratus
1220 1088 1291 1129 vel
1343 1087 1536 1135 disertus,
1586 1088 1630 1127 et
1682 1085 1798 1126 zelus

400 1163 592 1213 devotus,
644 1176 719 1217 per
785 1159 929 1201 omnia
991 1157 1149 1212 satagit
1210 1159 1261 1196 ut
1312 1154 1499 1195 subactis
1550 1153 1632 1209 piae
1685 1152 1799 1208 pacis

399 1229 604 1279 hostibus,
641 1228 846 1277 ordinate,
879 1225 1051 1282 pacifice
1083 1224 1166 1265 Dei
1202 1222 1385 1278 populus
1417 1221 1531 1276 quod
1566 1220 1801 1277 prudenter

402 1298 606 1340 discernit
646 1296 757 1352 gerit
796 1295 976 1343 fortiter,
1019 1293 1312 1347 temperanter
1353 1289 1535 1340 cohibet,
1578 1287 1801 1330 distribuit

402 1366 651 1406 innocenter
682 1364 737 1404 ad
773 1362 936 1404 cultum
962 1374 1141 1402 summae
1168 1357 1437 1406 Divinitatis,
1468 1356 1543 1398 ubi
1575 1370 1660 1412 pax
1691 1354 1801 1397 nihil

404 1433 523 1474 aliud
558 1435 622 1473 est
658 1445 787 1486 quam
824 1427 1140 1470 ordinatissima
1176 1430 1219 1467 et
1250 1424 1624 1467 concordatissima
1648 1423 1804 1479 jucun-

405 1500 518 1541 ditas
554 1498 723 1540 fruendi
767 1498 859 1538 Deo
895 1500 938 1537 et
971 1495 1155 1536 invicem
1197 1494 1242 1534 in
1285 1493 1404 1542 Deo,
1446 1492 1569 1533 illum
1602 1491 1804 1532 videlicet

404 1567 620 1609 felicitatis
648 1566 779 1607 finem
810 1563 1100 1605 indesinenter
1128 1561 1292 1611 referat,
1323 1559 1398 1601 ubi
1430 1564 1494 1601 est
1526 1559 1644 1601 Deus
1677 1559 1804 1600 bene-

406 1635 555 1683 dictus,
600 1633 719 1675 Deus
755 1632 906 1673 beatus
949 1630 1158 1678 Salvator,
1202 1643 1279 1669 rex
1323 1628 1531 1683 pacificus,
1570 1627 1714 1669 omnia
1759 1627 1805 1667 in

407 1702 615 1751 omnibus,
647 1700 891 1742 aeternitate
925 1702 1048 1747 certa,
1082 1712 1183 1752 pace
1215 1696 1411 1751 perfecta,
1435 1692 1666 1736 secundum
1699 1709 1806 1750 prae-

406 1769 658 1810 libationem
690 1768 736 1808 in
768 1766 893 1808 terris
925 1770 968 1807 et
1002 1765 1235 1806 secundum
1267 1761 1510 1805 satietatem
1542 1762 1588 1803 in
1620 1761 1805 1804 excelsis.

409 1837 524 1888 Quid
555 1836 670 1877 enim
706 1835 824 1876 aliud
861 1834 1061 1875 docemur
1094 1832 1139 1873 in
1175 1831 1249 1873 illo
1282 1829 1540 1872 monarchiae
1576 1828 1808 1872 mundialis

407 1904 607 1959 principe,
642 1903 715 1958 qui
747 1902 836 1943 ait:
904 1906 925 1922 “
944 1900 1054 1942 Cum
1090 1899 1286 1955 pluribus
1321 1898 1523 1954 gentibus
1553 1897 1806 1954 imperarem

411 1977 433 1992 “
465 1975 509 2012 et
538 1970 788 2012 universum
833 1983 940 2010 meae
975 1967 1131 2009 ditioni
1163 1966 1465 2022 subjugassem,
1499 1965 1620 2008 volui
1650 1981 1808 2021 nequa-

411 2045 432 2059 '‘
465 2053 593 2093 quam
641 2037 848 2093 potentiae
892 2035 1014 2077 abuti
1046 2034 1356 2091 magnitudine,
1402 2034 1478 2076 sed
1509 2033 1735 2076 clementia
1765 2033 1809 2075 et

411 2112 432 2126 ‘¹
464 2106 641 2146 lenitate
678 2104 915 2160 gubernare
953 2102 1175 2157 subjectOS,
1222 2107 1272 2143 ut
1319 2102 1478 2157 absque
1524 2099 1612 2143 ullo
1650 2104 1809 2143 terrore

411 2180 432 2194 “
464 2170 602 2214 vitam
634 2171 803 2212 silentio
847 2171 1130 2226 transigentes
1164 2174 1313 2226 optata
1355 2168 1519 2211 cunctis
1554 2169 1810 2210 mortalibus

412 2245 432 2261 ‘²
465 2253 565 2294 pace
596 2237 874 2280 fruerentur.''
925 2238 997 2278 Ad
1028 2237 1107 2279 hoc
1136 2252 1235 2279 sane
1268 2238 1500 2279 secundum
1529 2248 1808 2292 supernarum

408 2305 552 2362 legum
597 2305 766 2347 decreta
809 2305 1021 2347 desudant
1052 2305 1257 2347 exercitia
1298 2305 1559 2360 proeliorum,
1603 2308 1654 2345 ut
1689 2304 1810 2360 regni

410 2374 493 2414 Dei
518 2373 781 2414 adversarios
812 2373 972 2414 ferrum
998 2374 1178 2423 edomet,
1203 2388 1307 2428 quos
1327 2373 1509 2415 verbum
1537 2387 1624 2414 non
1653 2386 1811 2414 aemen-

410 2440 495 2489 dat,
521 2444 564 2481 et
592 2440 727 2481 instar
751 2440 993 2481 viventium
1023 2441 1069 2481 in
1100 2441 1196 2496 polo
1225 2441 1507 2496 disponantur
1533 2440 1735 2496 degentes
1764 2439 1811 2480 in

410 2507 507 2548 solo.
563 2508 647 2548 Sed
668 2507 799 2562 quid?
862 2507 1056 2558 Qualiter
1082 2508 1160 2549 hoc
1190 2508 1284 2549 fieri
1315 2508 1564 2564 continget?
1615 2508 1810 2549 Profecto

410 2589 497 2615 non
531 2575 654 2615 aliter
689 2575 771 2615 nisi
806 2579 857 2616 ut
893 2576 1124 2616 secundum
1162 2576 1358 2631 exempla
1393 2580 1627 2617 castrorum
1658 2575 1811 2617 trium-

411 2641 614 2696 phalium,
639 2645 727 2682 tam
762 2641 942 2696 gloriam
974 2642 1057 2683 Dei
1091 2646 1134 2683 et
1170 2643 1317 2698 populi
1345 2643 1642 2685 liberationem
1680 2657 1811 2685 aemu-

409 2707 606 2759 lantium,
667 2709 712 2748 in
776 2709 1035 2750 confessione
1098 2711 1365 2765 propriarum
1425 2711 1704 2765 iniquitatum
1768 2713 1813 2751 et

411 2775 654 2816 divinarum
707 2774 953 2818 bonitatum
1014 2778 1362 2827 consideratione,
1411 2793 1508 2820 cum
1558 2778 1812 2833 gratissimis

409 2841 693 2899 lacrymarum
765 2844 1090 2898 profusionibus,
1144 2842 1390 2887 hominibus
1466 2845 1812 2887 insufficientiam
