1905 3180
0 2169 66 2202 Ὶ(ζ

0 2252 65 2284 E«

612 281 745 310 misr<
758 281 847 310 ›LJ-t.
1342 271 1424 314 »1-77

96 405 371 461 InterposItis
424 404 559 459 igitur
630 404 827 459 pluribus
882 404 1151 445 evidentium
1209 405 1425 446 rationum

35 475 241 524 efficaciis,
299 472 629 514 ostendentibus
682 472 797 526 quod
856 472 899 512 in
959 472 1037 512 hac
1094 476 1216 527 parto
1263 473 1422 513 domini

34 543 144 598 regis
175 541 380 582 mandato
412 554 498 579 non
522 554 621 580 vere
653 554 741 580 esse
774 540 1025 594 parendmn,
1048 541 1279 581 novissimo
1314 541 1424 583 idem

36 609 263 665 subjunxit
295 610 439 649 vestra
471 607 726 648 excellentia
748 623 819 647 τ·-

97 723 117 739 “
151 716 312 758 Verum
338 715 475 771 igitur
502 718 667 756 statum
699 719 743 755 et
771 714 1104 769 beneplacitum,
1134 719 1178 756 et
1207 715 1312 769 quid
1335 718 1426 755 tam

38 791 61 809 “
92 786 137 826 in
168 785 306 840 primo
338 786 382 824 et
414 784 600 824 secundo
645 783 827 823 articulo
861 782 1000 823 facere
1037 783 1252 837 expediat,
1302 783 1426 823 nobis

36 861 59 876 “
91 853 277 909 petimus
324 851 579 893 rescribatis.
644 850 821 892 Praelati
858 865 1046 905 namque
1091 851 1178 897 alii,
1211 850 1322 891 sicut
1355 866 1427 891 au—

38 928 60 944 “
92 921 292 967 divimus,
326 935 351 960 a
381 920 554 960 domino
587 933 684 974 rege
717 919 976 961 mandatum
1010 919 1229 960 consimile
1263 933 1427 974 recepe-

38 996 59 1012 “
90 992 202 1031 runt.
268 988 421 1030 Valete
454 986 674 1029 feliciter.''

559 1179 663 1221 CAP.
694 1178 904 1220 XXXVI.

39 1306 165 1360 Quod
193 1305 397 1361 prcqjifflc
432 1303 760 1354 tribulationes,
800 1303 899 1345 licet
931 1308 1037 1345 ovete
1076 1303 1284 1358 ae'ngyersmzt
1319 1317 1430 1345 com.

90 1373 361 1431 passionem,
385 1377 535 1415 taonem
562 1371 756 1427 (Dynias
781 1371 1100 1414 eoeulffi‘ctionem
1124 1371 1369 1414 ‘inducunt

98 1500 307 1553 Quamvis
349 1514 448 1555 ergo
484 1499 576 1541 haec
618 1499 870 1555 excogitata
912 1498 1250 1555 temptationum
1293 1498 1431 1540 tribu·
1448 1509 1500 1541 He
1513 1509 1540 1541 is
1553 1513 1585 1540 to
1601 1518 1651 1540 re-

39 1569 224 1611 lantium
279 1568 513 1610 vexamina
571 1581 650 1609 nec
708 1567 927 1609 immerito
990 1568 1167 1608 anxiam
1228 1568 1431 1623 ingerant
1443 1564 1530 1631 {goe
1546 1553 1652 1586 there-

41 1636 388 1693 compassionem,
444 1638 590 1676 tamen
642 1635 781 1677 multo
826 1635 990 1690 justius
1053 1636 1260 1676 eximiam
1307 1636 1432 1676 indu-

40 1709 143 1747 cunt
186 1704 512 1753 exultationem,
557 1703 726 1745 dicente
764 1703 989 1758 Scriptum
1030 1703 1145 1745 inter
1186 1704 1431 1744 innumera-

43 1773 146 1815 bilia
191 1773 237 1813 in
286 1772 330 1813 id
376 1772 518 1827 ipsum
562 1771 813 1812 testimonia
856 1771 985 1826 [Heb.
1019 1771 1111 1826 x.]:
1161 1775 1182 1792 “
1210 1771 1432 1812 Rememo-

45 1845 64 1864 “
94 1840 249 1883 ramini
279 1839 485 1895 pristinos
528 1839 628 1890 dies,
673 1840 719 1880 in
763 1839 919 1893 quibus
956 1838 1192 1880 illumina-ti
1224 1854 1431 1894 magnum

42 1913 63 1931 “
96 1911 312 1950 certamen
351 1907 619 1949 sustinuistis
665 1907 942 1962 passionum:
988 1907 1033 1946 in
1078 1907 1213 1948 altero
1257 1908 1431 1962 quidem

96 1976 338 2032 opprobriis
382 1978 426 2017 et
471 1975 829 2017 tribulationibus
872 1975 1163 2030 spectaculum
1210 1975 1326 2024 facti,
1373 1976 1432 2015 al-

43 2050 64 2066 “
97 2048 189 2086 tero
260 2047 407 2086 autem
476 2043 579 2085 socii
639 2043 788 2084 taliter
858 2042 1211 2084 conversantium
1280 2043 1431 2085 effecti.

84 2113 211 2154 ‘Nam
259 2115 304 2154 et
349 2112 509 2153 vinctis
551 2111 761 2167 compassi
808 2110 922 2161 estis,
969 2114 1013 2152 et
1059 2111 1255 2166 rapinam
1300 2111 1432 2152 bono-

96 2196 191 2222 rum
223 2183 468 2221 vestrorum
500 2194 596 2220 cum
635 2179 793 2234 gaudio
838 2178 1096 2234 suscepistis,
1131 2183 1434 2234 cognoscentes

1 2297 3 2303 Α
97 2263 172 2290 vos
204 2248 360 2289 habere
392 2247 613 2288 meliorem
646 2250 690 2287 et
721 2250 968 2288 manentem
1001 2246 1331 2289 substantiam?
1375 2248 1434 2288 Et

2 2348 4 2358 ,
45 2316 152 2357 illud
186 2317 229 2372 [i.
268 2316 358 2357 Pet.
391 2315 469 2370 i.]:
519 2321 538 2336 “
559 2315 821 2356 Benedictus
854 2314 973 2355 Deus
1004 2318 1048 2355 et
1092 2314 1224 2356 Pater
1256 2315 1430 2356 Domini

46 2387 70 2405 ‘⁶
100 2384 238 2425 nostri
268 2384 297 2425 J
301 2398 375 2424 esu
414 2382 589 2431 Christi,
637 2382 711 2437 qui
755 2382 990 2424 secundum
1021 2397 1226 2438 magnam
1273 2384 1435 2424 miseri-

47 2455 69 2473 “
100 2452 287 2492 cordiam
334 2465 455 2492 suam
515 2450 791 2506 regeneravit
844 2464 922 2491 nos
976 2450 1021 2491 in
1079 2465 1198 2506 spem
1249 2450 1436 2493 vivam.''

48 2518 104 2560 Et
154 2518 300 2560 infra:
357 2523 379 2540 “
403 2519 456 2559 In
509 2532 593 2572 quo
646 2518 902 2560 exultabitis
954 2517 1169 2560 modicum
1222 2533 1349 2570 nunc,
1401 2519 1435 2559 si

49 2589 71 2607 “
102 2589 273 2641 oportet
304 2586 554 2628 contristari
586 2586 632 2626 in
674 2586 807 2627 variis
842 2586 1218 2641 temptationibus,
1254 2590 1304 2627 ut
1340 2601 1436 2642 pro-

50 2657 72 2676 “
101 2654 221 2695 batio
267 2654 369 2695 fidei
413 2657 567 2695 vestrae
609 2654 748 2694 multo
790 2653 1018 2708 preciosior
1063 2653 1121 2694 sit
1172 2668 1288 2702 auro,
1323 2655 1437 2708 quod

8 2740 11 2754 x
52 2725 74 2743 “
103 2736 179 2777 per
211 2722 356 2777 ignem
393 2720 664 2776 probatur·?”
741 2720 842 2761 Huc
879 2735 1049 2775 quoque
1086 2721 1298 2762 accedunt
1341 2735 1437 2775 quai

51 2788 262 2844 subjungo
295 2789 556 2838 testimonia,
591 2788 794 2829 videlicet
825 2787 932 2828 illud
968 2786 1013 2843 [i.
1051 2787 1143 2829 Cor.
1176 2787 1286 2844 iv.]:
1329 2792 1351 2809 ‘⁴
1384 2788 1437 2828 Id

53 2860 74 2877 “
105 2857 219 2914 quod
254 2857 301 2897 in
337 2857 541 2912 praesenti
584 2859 650 2897 est
696 2858 1047 2898 momentaneum
1090 2858 1134 2897 et
1174 2855 1268 2896 leve
1299 2855 1439 2898 tribu-

43 1980 52 1998 ζ

45 2118 65 2134 ί(
