1905 3180
282 386 368 417 AD.

249 433 404 462 1225-50.

219 1187 306 1219 AD.
328 1192 418 1221 1250.

219 2005 290 2036 The
307 2015 379 2047 say-

219 2049 293 2089 ings
310 2051 346 2080 of
358 2050 411 2081 Fr.

222 2092 275 2123 Ha
278 2104 362 2135 ymo.

444 249 498 288 50
856 249 1037 283 THoMAs
1069 249 1129 279 DE
1160 246 1421 279 ECCLESTON.

446 375 595 430 cipuus
627 371 788 413 zelator
821 367 997 410 Ordinis
1015 382 1024 418 3
1057 365 1133 421 qui
1169 364 1291 406 venit
1322 364 1369 405 in
1401 363 1609 419 Angliam
1645 364 1838 419 tempore

447 441 613 482 Fratris
659 438 725 479 W.
772 437 823 478 (le
868 435 911 476 N
916 433 1154 489 otingham‚
1203 435 1247 473 et
1292 432 1556 488 provinciale
1600 431 1839 487 capitulum

444 507 678 550 celebravit
725 504 921 555 Oxonizc,
961 506 1004 544 et
1044 501 1200 542 fratres
1242 501 1297 542 ad
1340 500 1558 541 unitatem
1602 498 1836 550 revocavit,

442 577 516 632 qui
554 574 789 631 praecedere
834 575 1009 614 caeteros
1045 570 1093 610 in
1137 568 1368 610 sententiis
1400 567 1694 623 singularibus
1724 567 1838 608 ince-

441 647 604 701 perant.
684 642 770 682 Hic
812 638 1106 680 obedientiam
1148 640 1192 679 et
1226 637 1502 679 honestatem
1551 635 1836 691 Anglicorum

440 713 487 753 in
529 710 729 753 omnibus
770 707 1007 764 provinciis
1045 705 1311 761 praedicavit.
1389 704 1487 760 Ipse
1528 703 1683 745 fratres
1717 703 1837 744 Pari-

441 781 529 821 sius
565 777 849 834 personaliter
885 775 932 816 in
972 773 1289 824 Universitate‚
1323 772 1602 829 professionis
1633 771 1839 827 simplici-

440 851 574 888 tatem
611 847 865 901 protestans,
904 844 1106 884 revocata
1140 841 1433 897 appellatione
1470 854 1602 895 quam
1632 839 1837 891 fecerant,

440 913 744 957 reconciliavit.
829 911 927 966 Ipse
989 913 1040 951 ut
1090 909 1282 951 vicissim
1334 908 1536 965 generale
1598 907 1837 963 capitulum

440 983 555 1024 ultra
586 983 752 1022 montes
785 982 829 1020 ot
861 980 971 1020 citra
1003 977 1307 1029 celebraretur,
1340 976 1571 1018 ordinavit.
1636 975 1836 1028 Demum,

439 1065 526 1092 non
557 1049 707 1091 valens
740 1047 906 1089 diutius
938 1046 1107 1102 pondus
1145 1048 1317 1102 portare
1348 1044 1582 1086 ministerii
1612 1044 1838 1100 generalis,

439 1134 464 1161 a
505 1117 680 1160 domino
718 1116 836 1171 Papa
873 1114 1127 1156 Alexandro
1161 1112 1252 1155 IV.1
1292 1116 1343 1155 ut
1375 1113 1522 1155 cedere
1552 1114 1697 1168 posset
1729 1111 1838 1154 obti-

439 1186 548 1228 nuit.
610 1184 739 1226 Dixit
771 1186 918 1225 autem
950 1183 1066 1224 idem
1096 1184 1231 1238 pater,
1266 1181 1382 1237 quod
1416 1184 1550 1223 “cum
1582 1194 1638 1222 ex
1669 1179 1838 1221 duobus

440 1259 461 1278 “
493 1252 732 1310 parietibus
794 1253 1072 1293 construatur
1133 1249 1365 1292 {edificium
1422 1248 1612 1301 Ordinis,
1674 1248 1839 1290 scilicet

440 1329 459 1345 “
492 1321 683 1363 moribus
714 1319 839 1361 bonis
870 1322 915 1361 et
952 1318 1144 1370 scientia,
1179 1318 1389 1374 parietem
1421 1317 1613 1359 scientiae
1642 1316 1837 1359 fecerunt

441 1396 459 1412 “
492 1390 645 1431 fratres
681 1388 799 1429 ultra
831 1387 961 1429 ccelos
993 1390 1037 1428 et
1074 1386 1267 1428 coelestia
1304 1386 1545 1438 sublimem,
1579 1385 1626 1427 in
1660 1388 1838 1428 tantum

441 1465 460 1480 “
492 1461 543 1499 ut
585 1458 825 1512 quaererent
862 1470 918 1497 an
961 1455 1080 1497 Deus
1117 1455 1204 1506 sit;
1256 1455 1468 1511 parietem
1519 1468 1623 1496 vero
1668 1467 1838 1495 morum

440 1532 461 1548 ‘⁴
492 1525 779 1581 permiserunt
819 1524 883 1565 ita
924 1522 1123 1565 bassum2
1166 1537 1266 1574 esse,
1309 1526 1361 1564 ut
1396 1537 1474 1578 pro
1510 1522 1639 1564 laude
1679 1535 1839 1578 magna

441 1597 463 1616 “
495 1594 664 1635 dicatur
701 1592 753 1634 de
788 1591 934 1642 fratre,
970 1605 1144 1633 securus
1174 1591 1304 1632 homo
1341 1594 1406 1633 est
1428 1607 1438 1643 3
1475 1589 1591 1632 unde
1618 1604 1707 1631 non
1740 1603 1838 1632 con-

441 1667 462 1683 “
493 1661 716 1703 venienter
758 1660 1024 1702 videbantur
1071 1658 1320 1702 aeclificare.”
1406 1658 1560 1700 Voluit
1600 1661 1747 1700 autem
1786 1660 1839 1699 ut

439 1731 592 1771 fratres
625 1729 912 1771 reverentiam
956 1742 1045 1770 suae
1089 1727 1311 1783 religionis
1354 1730 1399 1769 et
1441 1726 1628 1783 publicis
1673 1726 1840 1767 meritis

439 1813 482 1839 se
523 1798 667 1853 potius
707 1799 936 1838 tuerentur
977 1810 1080 1852 erga
1120 1796 1324 1852 praelatos
1355 1798 1400 1837 et
1440 1794 1667 1851 principes,
1710 1808 1840 1849 quam

440 1865 700 1921 Apostolicis
752 1864 991 1921 privilegiis
1008 1880 1018 1914 ;
1082 1866 1127 1906 et
1185 1867 1237 1906 ut
1292 1865 1435 1906 essent
1484 1863 1674 1905 minores
1725 1862 1841 1905 inter

441 1948 586 1975 omnes
617 1933 867 1975 humilitate
899 1935 943 1975 et
975 1932 1319 1974 mansuetudine.

501 2002 654 2044 Frater
691 2001 869 2057 Haymo
906 2000 1021 2043 dixit
1055 2001 1171 2056 quod
1208 2000 1268 2042 sic
1300 1999 1386 2042 fuit
1422 2001 1475 2042 de
1515 1998 1726 2042 fratribus
1763 1998 1839 2056 qui

440 2070 676 2112 noluerunt
738 2070 887 2111 venire
953 2070 1001 2111 in
1059 2071 1325 2111 conventum
1372 2072 1472 2125 post
1534 2067 1839 2110 infirmitatem

441 2152 573 2187 suam,
614 2137 866 2193 priusquam
924 2140 1067 2180 essent
1107 2137 1239 2179 nimis
1275 2137 1417 2188 fortes,
1471 2151 1527 2179 ne
1578 2136 1693 2178 forte
1750 2150 1840 2178 non

439 2208 614 2260 possent
655 2205 793 2247 redire
834 2206 890 2247 ad
937 2206 1258 2256 recreationem,
1304 2205 1416 2248 sicut
1459 2205 1546 2247 fuit
1593 2204 1647 2246 de
1692 2218 1838 2261 puero,

443 2274 518 2327 qui
553 2273 704 2314 debuit
749 2274 916 2316 invitus
958 2274 1101 2316 doceri
1141 2274 1324 2326 litteras,
1367 2276 1411 2315 et
1441 2288 1539 2315 cum
1570 2272 1754 2314 dixisset
1785 2272 1838 2323 A,

442 2341 557 2381 dixit
589 2341 704 2396 quod
740 2341 870 2384 licet3
901 2357 1023 2398 {eque
1059 2343 1169 2385 bene
1201 2343 1329 2384 sciret
1368 2341 1508 2384 dicere
1540 2341 1588 2392 B,
1631 2341 1767 2397 igitur
1798 2340 1841 2382 A

442 2408 561 2449 nullo
603 2410 731 2450 modo
782 2409 953 2462 voluit3
1013 2411 1131 2466 quod.
1174 2410 1210 2452 si
1272 2410 1433 2452 diceret
1485 2410 1532 2462 B,
1586 2409 1840 2467 praeciperet

441 2476 644 2529 magister
675 2477 788 2531 quod
820 2477 979 2520 diceret
1013 2478 1058 2529 C,
1093 2481 1137 2521 et
1168 2478 1378 2534 deinceps.

501 2543 629 2583 Dixit
654 2544 783 2585 etiam
816 2547 930 2600 quod
959 2561 1056 2588 cum
1083 2546 1226 2588 adhuc
1255 2546 1457 2588 secularis
1489 2547 1612 2597 esset,
1644 2545 1708 2586 ita
1732 2545 1838 2586 deli-

441 2613 561 2650 catus
592 2614 694 2662 erat,
728 2614 842 2667 quod
874 2628 960 2655 non
991 2615 1138 2670 potuit
1167 2615 1258 2657 sine
1291 2614 1606 2671 multiplicibus
1637 2613 1837 2655 remediis

485 2790 491 2807 ¹
512 2788 702 2821 Alexander
720 2790 792 2829 IV.⁷
813 2795 1015 2825 125-1-1261.
1202 2797 1213 2814 ³
1230 2793 1271 2831 lz,
1290 2794 1376 2828 Cott.

483 2844 495 2860 ’-’
516 2840 641 2879 lassum,
665 2843 747 2874 Cott.
1245 2837 1247 2840 ι
