1905 3180
404 253 488 293 ‘246
874 258 978 289 ADAE
1011 259 1072 289 DE
1104 255 1300 289 MAmsco

400 386 535 427 tantis
565 384 857 427 ecclesiasticae
889 382 1178 439 dissipationis
1221 381 1562 424 execrationibus
1607 383 1796 438 profecto

399 456 532 495 restat
564 453 642 494 hoc
673 452 811 494 sohun
841 452 1062 493 immensae
1087 450 1340 507 perditionis
1367 451 1613 501 remedium,
1638 454 1689 492 ut
1719 465 1796 493 vos

398 524 441 562 et
485 521 618 562 vestri
657 520 892 576 complices,
937 519 1092 574 quibus
1133 522 1199 561 est
1243 518 1443 561 salutaris
1488 519 1571 560 zeli
1616 519 1796 561 scientia

396 588 549 630 clarior
591 587 808 630 salvandis
858 587 1094 637 animabus
1149 590 1193 629 et
1239 601 1315 642 per
1357 590 1553 629 sanctum
1605 590 1794 628 contem-

394 656 564 711 plandae
587 656 784 698 veritatis
806 656 954 707 otium,
978 659 1022 697 et
1042 670 1117 711 per
1138 655 1259 711 pium
1280 654 1580 711 impendendae
1603 654 1795 696 caritatis

394 724 590 773 officium,
624 727 748 766 tanto
786 723 1036 780 vigilantius
1067 723 1288 774 insistatis,
1328 726 1491 778 quanto
1532 721 1794 779 pertinacius

392 792 478 833 illis
528 793 754 848 perdendis
801 793 957 848 passim
1004 792 1248 848 invigilant,
1295 792 1369 847 qui
1420 806 1497 833 1166
1554 791 1792 832 Dominum

392 860 550 901 timent
581 876 657 902 1166
689 860 882 902 homines
912 863 1190 911 reverentur3
1221 860 1295 902 sed
1326 875 1422 902 cum
1459 858 1794 900 horrendissima

393 927 552 969 divinae
607 928 847 983 Majestatis
891 928 1167 984 blasphemia,
1216 930 1261 970 et
1313 942 1410 969 cum
1466 926 1792 968 damnatissimo

391 995 591 1037 humanm
624 996 875 1038 salvationis
907 996 1180 1047 detrimento,
1213 996 1379 1038 inhiare
1411 1010 1499 1037 non
1536 995 1760 1036 desistunt.

451 1062 605 1105 Valeat
656 1064 932 1119 paternitatis
973 1068 1129 1106 vestrze
1175 1064 1468 1106 desiderabilis
1519 1062 1792 1104 incolumitas

390 1130 436 1171 in
470 1130 641 1172 Christo
673 1147 839 1187 semper
870 1136 914 1174 et
944 1133 1194 1175 beatissima
1230 1132 1421 1188 Virgine.
1485 1131 1605 1173 Licet
1635 1130 1681 1171 in
1711 1129 1792 1171 hac

389 1201 510 1253 parte
541 1199 652 1241 foret
683 1215 788 1255 opus
822 1215 959 1242 sermo
1006 1201 1159 1258 longus
1201 1203 1246 1242 et
1287 1198 1635 1255 interpretabilis,
1680 1211 1792 1239 com-

390 1267 532 1320 pescui
564 1268 786 1318 calamum,
811 1269 946 1311 sciens
976 1269 1090 1324 quod
1122 1269 1177 1310 ad
1206 1268 1395 1310 animam
1427 1265 1602 1322 mystici
1633 1265 1791 1320 eloquii

390 1348 475 1374 non
519 1334 724 1390 ignaram,
779 1340 822 1378 et
870 1352 925 1378 ex
977 1337 1226 1393 evangelica
1275 1337 1495 1378 sanctione
1545 1348 1789 1390 persuasam

390 1401 612 1451 divinitus,
663 1404 974 1460 qualiacumpie
1018 1406 1151 1448 verba
1196 1405 1305 1447 facio
1343 1405 1495 1446 saltem
1528 1402 1789 1446 occasionem

390 1470 639 1523 11›1·aestitura
669 1473 865 1528 sapienti.

1012 1687 1172 1733 CXVI.

388 1815 686 1859 Amicissimo
717 1814 860 1872 patri,
892 1814 1078 1858 domiuo
1109 1815 1295 1859 Robmo
1333 1814 1385 1857 cle
1415 1814 1603 1867 Estlzale,
1627 1815 1788 1857 Frater

506 1884 615 1926 Aila
658 1884 861 1936 salutem,
907 1889 945 1926 et
971 1888 1072 1940 post
1125 1883 1403 1926 Zaboriosszwn
1449 1897 1637 1927 cursum
1682 1888 1788 1926 tem-

500 1951 630 2007 poris
657 1951 909 2007 {sloriosum
937 1951 1149 1995 bravium
1180 1951 1455 1996 (eternitatis.

164 2093 232 2125 For
247 2094 358 2137 Philip
445 2079 500 2120 In
531 2080 737 2135 angustia
767 2079 906 2122 cordis
938 2078 1220 2136 etangustia
1246 2080 1468 2136 temporis,
1489 2093 1566 2136 pro
1597 2082 1785 2136 angusto

165 2138 283 2181 Pathy,
385 2148 560 2202 negotio
602 2150 834 2202 angustam
876 2148 1082 2199 litteram,
1123 2148 1269 2190 latiori
1310 2148 1590 2190 liberalitatis
1626 2150 1783 2190 vestrae

385 2213 635 2255 sedulitati¹
669 2215 853 2256 scribere
885 2230 952 2257 me
991 2217 1200 2272 compulit
1231 2216 1536 2272 compassionis
1571 2216 1783 2257 anxietas.

386 2281 507 2336 Rogo
559 2282 694 2337 igitur
747 2286 961 2337 quatenus
1014 2284 1069 2325 ob
1121 2284 1534 2340 contemplationem
1596 2283 1784 2339 superpii

385 2348 635 2400 Salvatoris‚
669 2349 868 2405 Philippo
903 2350 1060 2406 Pathy,
1094 2352 1366 2394 multimodis
1398 2352 1503 2394 dirae
1540 2351 1784 2393 vexationis

384 2416 601 2457 violentiis
644 2422 930 2472 praegravato,
984 2420 1100 2475 apud
1147 2419 1353 2462 malleum
1383 2419 1597 2461 universae
1629 2418 1782 2474 patriae

384 2482 563 2524 Petrum
615 2484 667 2524 (16
720 2485 910 2541 Esrigge,
964 2490 1055 2528 tam
1111 2487 1373 2529 facinoribus
1425 2501 1555 2542 quan]
1602 2486 1781 2541 flagitiis

385 2550 477 2591 Deo
509 2551 813 2592 detestandum
846 2556 889 2594 et
928 2553 1179 2597 hominibus
1210 2555 1513 2606 execrandum,
1547 2553 1780 2596 secundum

384 2617 498 2672 quod
535 2618 695 2673 linguae
746 2620 988 2674 loquuntur
1032 2623 1239 2675 omnium,
1277 2622 1443 2664 consilii
1488 2621 1690 2664 salutaris
1736 2623 1781 2662 et

912 2836 919 2854 ¹
938 2835 1125 2875 sezlztlz'lttte'.s,
1151 2837 1224 2870 MS.
