<?xml version="1.0" encoding="UTF-8"?>
<!DOCTYPE html PUBLIC "-//W3C//DTD XHTML 1.0 Transitional//EN"
    "http://www.w3.org/TR/xhtml1/DTD/xhtml1-transitional.dtd">
<html xmlns="http://www.w3.org/1999/xhtml" xml:lang="en" lang="en">
 <head>
  <title>
</title>
<meta http-equiv="Content-Type" content="text/html;charset=utf-8" />
  <meta name='ocr-system' content='tesseract 3.04.00' />
  <meta name='ocr-capabilities' content='ocr_page ocr_carea ocr_par ocr_line ocrx_word'/>
</head>
<body>
  <div class='ocr_page' id='page_1' title='image "./monumentafrancis01thom_0591.png"; bbox 0 0 1905 3180; ppageno 0'>
   <div class='ocr_carea' id='block_1_1' title="bbox 616 293 1427 331">
    <p class='ocr_par' dir='ltr' id='par_1_1' title="bbox 616 293 1427 331">
     <span class='ocr_line' id='line_1_1' title="bbox 616 293 1427 331; baseline 0.006 -5"><span class='ocrx_word' id='word_1_1' title='bbox 616 298 849 328; x_wconf 65' lang='lat' dir='ltr'>EPISTOLAE.</span> <span class='ocrx_word' id='word_1_2' title='bbox 1344 293 1427 331; x_wconf 71' lang='lat'>433</span> 
     </span>
    </p>
   </div>
   <div class='ocr_carea' id='block_1_2' title="bbox 31 415 1428 2698">
    <p class='ocr_par' dir='ltr' id='par_1_2' title="bbox 33 415 1426 1078">
     <span class='ocr_line' id='line_1_2' title="bbox 39 415 1424 472; baseline 0.004 -16"><span class='ocrx_word' id='word_1_3' title='bbox 39 421 61 438; x_wconf 90' lang='lat'><em>“</em></span> <span class='ocrx_word' id='word_1_4' title='bbox 91 431 165 471; x_wconf 84' lang='lat' dir='ltr'>per</span> <span class='ocrx_word' id='word_1_5' title='bbox 212 415 450 467; x_wconf 80' lang='lat' dir='ltr'>circuitum,</span> <span class='ocrx_word' id='word_1_6' title='bbox 495 420 538 457; x_wconf 88' lang='lat' dir='ltr'>et</span> <span class='ocrx_word' id='word_1_7' title='bbox 579 417 739 472; x_wconf 79' lang='lat' dir='ltr'>absque</span> <span class='ocrx_word' id='word_1_8' title='bbox 784 418 872 458; x_wconf 91' lang='lat' dir='ltr'>ullo</span> <span class='ocrx_word' id='word_1_9' title='bbox 914 422 1076 460; x_wconf 84' lang='lat' dir='ltr'>terrore</span> <span class='ocrx_word' id='word_1_10' title='bbox 1130 419 1338 461; x_wconf 80' lang='lat' dir='ltr'>habitetis</span> <span class='ocrx_word' id='word_1_11' title='bbox 1379 420 1424 461; x_wconf 89' lang='lat' dir='ltr'>in</span> 
     </span>
     <span class='ocr_line' id='line_1_3' title="bbox 39 483 1424 538; baseline 0.004 -15"><span class='ocrx_word' id='word_1_12' title='bbox 39 487 61 504; x_wconf 90' lang='lat'><strong>“</strong></span> <span class='ocrx_word' id='word_1_13' title='bbox 92 483 191 531; x_wconf 81' lang='lat' dir='ltr'>loeo,</span> <span class='ocrx_word' id='word_1_14' title='bbox 249 497 375 537; x_wconf 87' lang='lat' dir='ltr'>quem</span> <span class='ocrx_word' id='word_1_15' title='bbox 420 484 598 538; x_wconf 87' lang='lat' dir='ltr'>elegerit</span> <span class='ocrx_word' id='word_1_16' title='bbox 654 484 869 525; x_wconf 78' lang='lat' dir='ltr'>Dominus</span> <span class='ocrx_word' id='word_1_17' title='bbox 912 486 1030 527; x_wconf 81' lang='lat' dir='ltr'>Deus</span> <span class='ocrx_word' id='word_1_18' title='bbox 1079 490 1232 538; x_wconf 81' lang='lat' dir='ltr'>vester,</span> <span class='ocrx_word' id='word_1_19' title='bbox 1275 491 1326 528; x_wconf 90' lang='lat' dir='ltr'>ut</span> <span class='ocrx_word' id='word_1_20' title='bbox 1366 488 1424 528; x_wconf 90' lang='lat' dir='ltr'>sit</span> 
     </span>
     <span class='ocr_line' id='line_1_4' title="bbox 39 549 1425 605; baseline 0.004 -15"><span class='ocrx_word' id='word_1_21' title='bbox 39 555 60 572; x_wconf 89' lang='lat'><strong>“</strong></span> <span class='ocrx_word' id='word_1_22' title='bbox 90 564 246 591; x_wconf 88' lang='lat' dir='ltr'>nomen</span> <span class='ocrx_word' id='word_1_23' title='bbox 287 550 378 605; x_wconf 79' lang='lat' dir='ltr'>ejus</span> <span class='ocrx_word' id='word_1_24' title='bbox 419 550 465 590; x_wconf 89' lang='lat' dir='ltr'>in</span> <span class='ocrx_word' id='word_1_25' title='bbox 517 549 603 592; x_wconf 84' lang='lat' dir='ltr'>e0.&#39;’</span> <span class='ocrx_word' id='word_1_26' title='bbox 665 551 723 591; x_wconf 89' lang='lat' dir='ltr'>Et</span> <span class='ocrx_word' id='word_1_27' title='bbox 764 551 953 593; x_wconf 88' lang='lat' dir='ltr'>iterum:</span> <span class='ocrx_word' id='word_1_28' title='bbox 1025 557 1047 574; x_wconf 78' lang='lat'>‘⁴</span> <span class='ocrx_word' id='word_1_29' title='bbox 1086 554 1241 594; x_wconf 85' lang='lat' dir='ltr'>Ponite</span> <span class='ocrx_word' id='word_1_30' title='bbox 1298 554 1425 595; x_wconf 77' lang='lat' dir='ltr'>eorda</span> 
     </span>
     <span class='ocr_line' id='line_1_5' title="bbox 38 617 1424 673; baseline 0.003 -16"><span class='ocrx_word' id='word_1_31' title='bbox 38 621 232 658; x_wconf 86' lang='lat' dir='ltr'>“vestra</span> <span class='ocrx_word' id='word_1_32' title='bbox 271 617 318 657; x_wconf 86' lang='lat' dir='ltr'>in</span> <span class='ocrx_word' id='word_1_33' title='bbox 360 618 505 658; x_wconf 88' lang='lat' dir='ltr'>omnia</span> <span class='ocrx_word' id='word_1_34' title='bbox 559 617 693 659; x_wconf 86' lang='lat' dir='ltr'>verba</span> <span class='ocrx_word' id='word_1_35' title='bbox 748 632 855 670; x_wconf 81' lang='lat' dir='ltr'>mea,</span> <span class='ocrx_word' id='word_1_36' title='bbox 899 634 994 673; x_wconf 67' lang='lat' dir='ltr'>qum</span> <span class='ocrx_word' id='word_1_37' title='bbox 1051 620 1258 661; x_wconf 80' lang='lat' dir='ltr'>testificor</span> <span class='ocrx_word' id='word_1_38' title='bbox 1300 621 1424 661; x_wconf 78' lang='lat' dir='ltr'>vobis</span> 
     </span>
     <span class='ocr_line' id='line_1_6' title="bbox 36 685 1425 737; baseline 0.002 -12"><span class='ocrx_word' id='word_1_39' title='bbox 36 688 60 708; x_wconf 88' lang='lat'><strong>“</strong></span> <span class='ocrx_word' id='word_1_40' title='bbox 90 685 226 736; x_wconf 86' lang='lat' dir='ltr'>hodie,</span> <span class='ocrx_word' id='word_1_41' title='bbox 269 688 319 725; x_wconf 91' lang='lat' dir='ltr'>ut</span> <span class='ocrx_word' id='word_1_42' title='bbox 373 685 588 726; x_wconf 83' lang='lat' dir='ltr'>mandetis</span> <span class='ocrx_word' id='word_1_43' title='bbox 641 700 691 726; x_wconf 87' lang='lat' dir='ltr'>ea</span> <span class='ocrx_word' id='word_1_44' title='bbox 742 685 843 726; x_wconf 86' lang='lat' dir='ltr'>filiis</span> <span class='ocrx_word' id='word_1_45' title='bbox 894 687 1050 727; x_wconf 82' lang='lat' dir='ltr'>vestris</span> <span class='ocrx_word' id='word_1_46' title='bbox 1102 688 1328 737; x_wconf 78' lang='lat' dir='ltr'>custodire,</span> <span class='ocrx_word' id='word_1_47' title='bbox 1380 692 1425 729; x_wconf 88' lang='lat' dir='ltr'>et</span> 
     </span>
     <span class='ocr_line' id='line_1_7' title="bbox 38 752 1425 809; baseline 0.001 -16"><span class='ocrx_word' id='word_1_48' title='bbox 38 756 59 774; x_wconf 90' lang='lat'>“</span> <span class='ocrx_word' id='word_1_49' title='bbox 89 752 235 802; x_wconf 80' lang='lat' dir='ltr'>faeere,</span> <span class='ocrx_word' id='word_1_50' title='bbox 289 755 333 793; x_wconf 89' lang='lat' dir='ltr'>et</span> <span class='ocrx_word' id='word_1_51' title='bbox 374 752 552 807; x_wconf 83' lang='lat' dir='ltr'>implere</span> <span class='ocrx_word' id='word_1_52' title='bbox 604 752 810 794; x_wconf 85' lang='lat' dir='ltr'>universa</span> <span class='ocrx_word' id='word_1_53' title='bbox 865 768 960 808; x_wconf 83' lang='lat' dir='ltr'>quae</span> <span class='ocrx_word' id='word_1_54' title='bbox 1009 754 1170 809; x_wconf 74' lang='lat' dir='ltr'>scripta</span> <span class='ocrx_word' id='word_1_55' title='bbox 1222 758 1325 795; x_wconf 85' lang='lat' dir='ltr'>sunt</span> <span class='ocrx_word' id='word_1_56' title='bbox 1377 755 1425 796; x_wconf 98' lang='grc'>111</span> 
     </span>
     <span class='ocr_line' id='line_1_8' title="bbox 36 819 1425 877; baseline 0.001 -17"><span class='ocrx_word' id='word_1_57' title='bbox 36 824 59 842; x_wconf 83' lang='lat'><em>“</em></span> <span class='ocrx_word' id='word_1_58' title='bbox 88 819 197 860; x_wconf 87' lang='lat' dir='ltr'>libro</span> <span class='ocrx_word' id='word_1_59' title='bbox 229 820 337 875; x_wconf 85' lang='lat' dir='ltr'>legis</span> <span class='ocrx_word' id='word_1_60' title='bbox 370 820 528 874; x_wconf 80' lang='lat' dir='ltr'>hujus3</span> <span class='ocrx_word' id='word_1_61' title='bbox 562 820 664 874; x_wconf 83' lang='lat' dir='ltr'>quia</span> <span class='ocrx_word' id='word_1_62' title='bbox 697 835 784 861; x_wconf 91' lang='lat' dir='ltr'>non</span> <span class='ocrx_word' id='word_1_63' title='bbox 821 821 1036 862; x_wconf 79' lang='lat' dir='ltr'>incassum</span> <span class='ocrx_word' id='word_1_64' title='bbox 1071 824 1286 877; x_wconf 75' lang='lat' dir='ltr'>praeeepta</span> <span class='ocrx_word' id='word_1_65' title='bbox 1319 825 1425 862; x_wconf 89' lang='lat' dir='ltr'>sunt</span> 
     </span>
     <span class='ocr_line' id='line_1_9' title="bbox 35 887 1426 944; baseline 0.001 -16"><span class='ocrx_word' id='word_1_66' title='bbox 35 893 57 909; x_wconf 92' lang='lat'><em>“</em></span> <span class='ocrx_word' id='word_1_67' title='bbox 87 887 221 937; x_wconf 80' lang='lat' dir='ltr'>vobis,</span> <span class='ocrx_word' id='word_1_68' title='bbox 254 888 327 928; x_wconf 82' lang='lat' dir='ltr'>sed</span> <span class='ocrx_word' id='word_1_69' title='bbox 358 890 409 928; x_wconf 91' lang='lat' dir='ltr'>ut</span> <span class='ocrx_word' id='word_1_70' title='bbox 440 887 601 942; x_wconf 77' lang='lat' dir='ltr'>singuli</span> <span class='ocrx_word' id='word_1_71' title='bbox 634 888 680 927; x_wconf 90' lang='grc'>111</span> <span class='ocrx_word' id='word_1_72' title='bbox 712 888 773 929; x_wconf 87' lang='lat' dir='ltr'>eis</span> <span class='ocrx_word' id='word_1_73' title='bbox 814 888 1028 940; x_wconf 78' lang='lat' dir='ltr'>viverent,</span> <span class='ocrx_word' id='word_1_74' title='bbox 1071 904 1167 944; x_wconf 66' lang='lat' dir='ltr'>quze</span> <span class='ocrx_word' id='word_1_75' title='bbox 1218 888 1426 930; x_wconf 70' lang='lat' dir='ltr'>facientes</span> 
     </span>
     <span class='ocr_line' id='line_1_10' title="bbox 35 954 1424 1010; baseline 0.002 -16"><span class='ocrx_word' id='word_1_76' title='bbox 35 960 56 976; x_wconf 86' lang='lat'><strong>“</strong></span> <span class='ocrx_word' id='word_1_77' title='bbox 85 954 212 1009; x_wconf 88' lang='lat' dir='ltr'>longo</span> <span class='ocrx_word' id='word_1_78' title='bbox 254 955 536 1009; x_wconf 85' lang='lat' dir='ltr'>perseveretis</span> <span class='ocrx_word' id='word_1_79' title='bbox 578 958 771 1010; x_wconf 85' lang='lat' dir='ltr'>tempore</span> <span class='ocrx_word' id='word_1_80' title='bbox 805 956 851 995; x_wconf 88' lang='grc'>111</span> <span class='ocrx_word' id='word_1_81' title='bbox 886 959 1013 1003; x_wconf 80' lang='lat' dir='ltr'>terra,</span> <span class='ocrx_word' id='word_1_82' title='bbox 1048 956 1100 996; x_wconf 88' lang='lat' dir='ltr'>ad</span> <span class='ocrx_word' id='word_1_83' title='bbox 1141 970 1283 1010; x_wconf 83' lang='lat' dir='ltr'>quam,</span> <span class='ocrx_word' id='word_1_84' title='bbox 1328 956 1357 997; x_wconf 84' lang='lat' dir='ltr'><strong>J</strong></span> <span class='ocrx_word' id='word_1_85' title='bbox 1360 970 1424 997; x_wconf 92' lang='lat' dir='ltr'>or-</span> 
     </span>
     <span class='ocr_line' id='line_1_11' title="bbox 33 1021 1220 1078; baseline 0.002 -16"><span class='ocrx_word' id='word_1_86' title='bbox 33 1026 56 1044; x_wconf 92' lang='lat'><strong>“</strong></span> <span class='ocrx_word' id='word_1_87' title='bbox 87 1021 199 1063; x_wconf 88' lang='lat' dir='ltr'>dano</span> <span class='ocrx_word' id='word_1_88' title='bbox 240 1021 504 1072; x_wconf 81' lang='lat' dir='ltr'>transmisso,</span> <span class='ocrx_word' id='word_1_89' title='bbox 547 1022 829 1077; x_wconf 77' lang='lat' dir='ltr'>ingredimini</span> <span class='ocrx_word' id='word_1_90' title='bbox 877 1022 1220 1078; x_wconf 77' lang='lat' dir='ltr'>possidemlam.”</span> 
     </span>
    </p>

    <p class='ocr_par' dir='ltr' id='par_1_3' title="bbox 31 1089 1428 2698">
     <span class='ocr_line' id='line_1_12' title="bbox 90 1089 1425 1146; baseline 0 -16"><span class='ocrx_word' id='word_1_91' title='bbox 90 1089 208 1130; x_wconf 87' lang='lat' dir='ltr'>Num</span> <span class='ocrx_word' id='word_1_92' title='bbox 241 1089 492 1144; x_wconf 88' lang='lat' dir='ltr'>putabimus</span> <span class='ocrx_word' id='word_1_93' title='bbox 515 1090 630 1143; x_wconf 86' lang='lat' dir='ltr'>quod</span> <span class='ocrx_word' id='word_1_94' title='bbox 657 1089 875 1131; x_wconf 89' lang='lat' dir='ltr'>Dominus</span> <span class='ocrx_word' id='word_1_95' title='bbox 909 1091 1250 1146; x_wconf 67' lang='lat' dir='ltr'>p1·{ete1¹flue11tes</span> <span class='ocrx_word' id='word_1_96' title='bbox 1273 1091 1425 1131; x_wconf 86' lang='lat' dir='ltr'>mundi</span> 
     </span>
     <span class='ocr_line' id='line_1_13' title="bbox 33 1156 1425 1213; baseline 0 -15"><span class='ocrx_word' id='word_1_97' title='bbox 33 1156 322 1198; x_wconf 65' lang='lat' dir='ltr'>abundantias</span> <span class='ocrx_word' id='word_1_98' title='bbox 343 1156 389 1196; x_wconf 87' lang='lat' dir='ltr'>in</span> <span class='ocrx_word' id='word_1_99' title='bbox 412 1157 645 1198; x_wconf 78' lang='lat' dir='ltr'>electorum</span> <span class='ocrx_word' id='word_1_100' title='bbox 668 1161 841 1212; x_wconf 80' lang='lat' dir='ltr'>reputet</span> <span class='ocrx_word' id='word_1_101' title='bbox 862 1158 1220 1199; x_wconf 72' lang='lat' dir='ltr'>retributionem?</span> <span class='ocrx_word' id='word_1_102' title='bbox 1257 1158 1425 1213; x_wconf 87' lang='lat' dir='ltr'>Nempe</span> 
     </span>
     <span class='ocr_line' id='line_1_14' title="bbox 34 1224 1422 1280; baseline 0.001 -15"><span class='ocrx_word' id='word_1_103' title='bbox 34 1224 128 1280; x_wconf 87' lang='lat' dir='ltr'>Ipse</span> <span class='ocrx_word' id='word_1_104' title='bbox 154 1228 218 1265; x_wconf 81' lang='lat' dir='ltr'>est</span> <span class='ocrx_word' id='word_1_105' title='bbox 247 1225 298 1265; x_wconf 87' lang='lat' dir='ltr'>de</span> <span class='ocrx_word' id='word_1_106' title='bbox 321 1239 405 1278; x_wconf 88' lang='lat' dir='ltr'>quo</span> <span class='ocrx_word' id='word_1_107' title='bbox 432 1225 595 1265; x_wconf 81' lang='lat' dir='ltr'>dietum</span> <span class='ocrx_word' id='word_1_108' title='bbox 618 1228 710 1266; x_wconf 84' lang='lat' dir='ltr'>est:</span> <span class='ocrx_word' id='word_1_109' title='bbox 750 1225 918 1275; x_wconf 78' lang='lat' dir='ltr'>“Quasi</span> <span class='ocrx_word' id='word_1_110' title='bbox 941 1230 1212 1266; x_wconf 79' lang='lat' dir='ltr'>momentum</span> <span class='ocrx_word' id='word_1_111' title='bbox 1238 1229 1422 1274; x_wconf 76' lang='lat' dir='ltr'>staterae,</span> 
     </span>
     <span class='ocr_line' id='line_1_15' title="bbox 33 1292 1426 1347; baseline 0 -15"><span class='ocrx_word' id='word_1_112' title='bbox 33 1296 57 1314; x_wconf 88' lang='lat'><strong>“</strong></span> <span class='ocrx_word' id='word_1_113' title='bbox 87 1292 144 1333; x_wconf 82' lang='lat' dir='ltr'>sio</span> <span class='ocrx_word' id='word_1_114' title='bbox 175 1295 275 1333; x_wconf 89' lang='lat' dir='ltr'>ante</span> <span class='ocrx_word' id='word_1_115' title='bbox 309 1292 422 1332; x_wconf 87' lang='lat' dir='ltr'>Eum</span> <span class='ocrx_word' id='word_1_116' title='bbox 465 1296 529 1333; x_wconf 88' lang='lat' dir='ltr'>est</span> <span class='ocrx_word' id='word_1_117' title='bbox 571 1292 687 1333; x_wconf 87' lang='lat' dir='ltr'>orbis</span> <span class='ocrx_word' id='word_1_118' title='bbox 719 1296 945 1341; x_wconf 77' lang='lat' dir='ltr'>terrarum,</span> <span class='ocrx_word' id='word_1_119' title='bbox 979 1297 1022 1334; x_wconf 80' lang='grc'>61</span> <span class='ocrx_word' id='word_1_120' title='bbox 1054 1297 1265 1347; x_wconf 82' lang='lat' dir='ltr'>tanquam</span> <span class='ocrx_word' id='word_1_121' title='bbox 1297 1296 1426 1347; x_wconf 87' lang='lat' dir='ltr'>gutta</span> 
     </span>
     <span class='ocr_line' id='line_1_16' title="bbox 33 1360 1426 1414; baseline -0.001 -14"><span class='ocrx_word' id='word_1_122' title='bbox 33 1365 54 1382; x_wconf 85' lang='lat'><strong>“</strong></span> <span class='ocrx_word' id='word_1_123' title='bbox 83 1360 189 1401; x_wconf 86' lang='lat' dir='ltr'>roris</span> <span class='ocrx_word' id='word_1_124' title='bbox 221 1360 469 1401; x_wconf 75' lang='lat' dir='ltr'>antelucani</span> <span class='ocrx_word' id='word_1_125' title='bbox 513 1374 609 1414; x_wconf 78' lang='lat' dir='ltr'>quae</span> <span class='ocrx_word' id='word_1_126' title='bbox 653 1360 875 1401; x_wconf 76' lang='lat' dir='ltr'>descendit</span> <span class='ocrx_word' id='word_1_127' title='bbox 918 1361 965 1400; x_wconf 90' lang='lat' dir='ltr'>in</span> <span class='ocrx_word' id='word_1_128' title='bbox 997 1360 1195 1401; x_wconf 80' lang='lat' dir='ltr'>terrain.⁷’</span> <span class='ocrx_word' id='word_1_129' title='bbox 1244 1361 1426 1414; x_wconf 88' lang='lat' dir='ltr'>Propter</span> 
     </span>
     <span class='ocr_line' id='line_1_17' title="bbox 32 1427 1424 1483; baseline -0.001 -15"><span class='ocrx_word' id='word_1_130' title='bbox 32 1428 143 1483; x_wconf 88' lang='lat' dir='ltr'>quod</span> <span class='ocrx_word' id='word_1_131' title='bbox 164 1428 219 1468; x_wconf 86' lang='lat' dir='ltr'>ad</span> <span class='ocrx_word' id='word_1_132' title='bbox 241 1431 536 1482; x_wconf 80' lang='lat' dir='ltr'>contemptum</span> <span class='ocrx_word' id='word_1_133' title='bbox 559 1427 850 1467; x_wconf 73' lang='lat' dir='ltr'>mundialium</span> <span class='ocrx_word' id='word_1_134' title='bbox 883 1430 927 1468; x_wconf 83' lang='lat' dir='ltr'>et</span> <span class='ocrx_word' id='word_1_135' title='bbox 959 1427 1201 1468; x_wconf 76' lang='lat' dir='ltr'>coelestium</span> <span class='ocrx_word' id='word_1_136' title='bbox 1234 1441 1424 1467; x_wconf 88' lang='lat' dir='ltr'>amorem</span> 
     </span>
     <span class='ocr_line' id='line_1_18' title="bbox 31 1494 1422 1549; baseline -0.002 -13"><span class='ocrx_word' id='word_1_137' title='bbox 31 1495 172 1536; x_wconf 83' lang='lat' dir='ltr'>fideles</span> <span class='ocrx_word' id='word_1_138' title='bbox 200 1495 406 1543; x_wconf 75' lang='lat' dir='ltr'>invitans,</span> <span class='ocrx_word' id='word_1_139' title='bbox 432 1494 520 1535; x_wconf 85' lang='lat' dir='ltr'>ait:</span> <span class='ocrx_word' id='word_1_140' title='bbox 569 1494 859 1548; x_wconf 87' lang='lat' dir='ltr'>“Operamini</span> <span class='ocrx_word' id='word_1_141' title='bbox 890 1509 979 1535; x_wconf 91' lang='lat' dir='ltr'>non</span> <span class='ocrx_word' id='word_1_142' title='bbox 1012 1494 1156 1535; x_wconf 82' lang='lat' dir='ltr'>cibum</span> <span class='ocrx_word' id='word_1_143' title='bbox 1190 1495 1265 1548; x_wconf 84' lang='lat' dir='ltr'>qui</span> <span class='ocrx_word' id='word_1_144' title='bbox 1298 1494 1422 1549; x_wconf 81' lang='lat' dir='ltr'>perit,</span> 
     </span>
     <span class='ocr_line' id='line_1_19' title="bbox 33 1561 1424 1617; baseline -0.002 -13"><span class='ocrx_word' id='word_1_145' title='bbox 33 1563 155 1604; x_wconf 86' lang='lat' dir='ltr'>“sed</span> <span class='ocrx_word' id='word_1_146' title='bbox 197 1577 294 1603; x_wconf 91' lang='lat' dir='ltr'>eum</span> <span class='ocrx_word' id='word_1_147' title='bbox 336 1562 412 1617; x_wconf 87' lang='lat' dir='ltr'>qui</span> <span class='ocrx_word' id='word_1_148' title='bbox 453 1565 680 1617; x_wconf 84' lang='lat' dir='ltr'>permanet</span> <span class='ocrx_word' id='word_1_149' title='bbox 730 1561 776 1601; x_wconf 86' lang='lat' dir='ltr'>in</span> <span class='ocrx_word' id='word_1_150' title='bbox 827 1562 968 1602; x_wconf 89' lang='lat' dir='ltr'>vitam</span> <span class='ocrx_word' id='word_1_151' title='bbox 1019 1564 1240 1613; x_wconf 61' lang='lat' dir='ltr'>aessernam,</span> <span class='ocrx_word' id='word_1_152' title='bbox 1295 1576 1424 1615; x_wconf 86' lang='lat' dir='ltr'>quem</span> 
     </span>
     <span class='ocr_line' id='line_1_20' title="bbox 33 1628 1425 1684; baseline -0.001 -14"><span class='ocrx_word' id='word_1_153' title='bbox 33 1633 54 1652; x_wconf 92' lang='lat'><strong><em>“</em></strong></span> <span class='ocrx_word' id='word_1_154' title='bbox 84 1630 220 1671; x_wconf 87' lang='lat' dir='ltr'>Filius</span> <span class='ocrx_word' id='word_1_155' title='bbox 255 1630 461 1671; x_wconf 85' lang='lat' dir='ltr'>Hominis</span> <span class='ocrx_word' id='word_1_156' title='bbox 492 1629 616 1670; x_wconf 86' lang='lat' dir='ltr'>dabit</span> <span class='ocrx_word' id='word_1_157' title='bbox 648 1628 814 1670; x_wconf 83' lang='lat' dir='ltr'>vobis.’&#39;</span> <span class='ocrx_word' id='word_1_158' title='bbox 877 1629 1219 1684; x_wconf 84' lang='lat' dir='ltr'>Verumptamen</span> <span class='ocrx_word' id='word_1_159' title='bbox 1260 1637 1425 1670; x_wconf 72' lang='lat' dir='ltr'>{eterna</span> 
     </span>
     <span class='ocr_line' id='line_1_21' title="bbox 32 1696 1424 1753; baseline -0.001 -15"><span class='ocrx_word' id='word_1_160' title='bbox 32 1697 112 1739; x_wconf 87' lang='lat' dir='ltr'>Dei</span> <span class='ocrx_word' id='word_1_161' title='bbox 144 1697 357 1753; x_wconf 86' lang='lat' dir='ltr'>sapientia</span> <span class='ocrx_word' id='word_1_162' title='bbox 389 1700 481 1738; x_wconf 87' lang='lat' dir='ltr'>tam</span> <span class='ocrx_word' id='word_1_163' title='bbox 516 1696 732 1751; x_wconf 73' lang='lat' dir='ltr'>exquisite</span> <span class='ocrx_word' id='word_1_164' title='bbox 772 1710 919 1737; x_wconf 84' lang='lat' dir='ltr'>rerum</span> <span class='ocrx_word' id='word_1_165' title='bbox 956 1696 1281 1737; x_wconf 88' lang='lat' dir='ltr'>transeuntium</span> <span class='ocrx_word' id='word_1_166' title='bbox 1319 1696 1424 1737; x_wconf 89' lang='lat' dir='ltr'>emi·</span> 
     </span>
     <span class='ocr_line' id='line_1_22' title="bbox 32 1763 1425 1818; baseline -0.001 -13"><span class='ocrx_word' id='word_1_167' title='bbox 32 1765 187 1806; x_wconf 80' lang='lat' dir='ltr'>nentiis</span> <span class='ocrx_word' id='word_1_168' title='bbox 222 1764 464 1805; x_wconf 73' lang='lat' dir='ltr'>manifestis</span> <span class='ocrx_word' id='word_1_169' title='bbox 501 1764 681 1814; x_wconf 82' lang='lat' dir='ltr'>insistit,</span> <span class='ocrx_word' id='word_1_170' title='bbox 716 1767 766 1804; x_wconf 89' lang='lat' dir='ltr'>ut</span> <span class='ocrx_word' id='word_1_171' title='bbox 803 1778 880 1818; x_wconf 85' lang='lat' dir='ltr'>per</span> <span class='ocrx_word' id='word_1_172' title='bbox 913 1763 1010 1804; x_wconf 86' lang='lat' dir='ltr'>illas</span> <span class='ocrx_word' id='word_1_173' title='bbox 1045 1763 1101 1803; x_wconf 83' lang='lat' dir='ltr'>ad</span> <span class='ocrx_word' id='word_1_174' title='bbox 1144 1778 1287 1804; x_wconf 86' lang='lat' dir='ltr'>rerum</span> <span class='ocrx_word' id='word_1_175' title='bbox 1330 1777 1425 1818; x_wconf 88' lang='lat' dir='ltr'>per-</span> 
     </span>
     <span class='ocr_line' id='line_1_23' title="bbox 31 1830 1424 1886; baseline -0.002 -13"><span class='ocrx_word' id='word_1_176' title='bbox 31 1833 298 1873; x_wconf 86' lang='lat' dir='ltr'>manentium</span> <span class='ocrx_word' id='word_1_177' title='bbox 332 1832 517 1886; x_wconf 79' lang='lat' dir='ltr'>mystica</span> <span class='ocrx_word' id='word_1_178' title='bbox 553 1831 816 1872; x_wconf 74' lang='lat' dir='ltr'>charismata</span> <span class='ocrx_word' id='word_1_179' title='bbox 848 1830 1093 1885; x_wconf 68' lang='lat' dir='ltr'>patefaciat,</span> <span class='ocrx_word' id='word_1_180' title='bbox 1129 1845 1217 1871; x_wconf 89' lang='lat' dir='ltr'>non</span> <span class='ocrx_word' id='word_1_181' title='bbox 1253 1833 1304 1870; x_wconf 85' lang='lat' dir='ltr'>ut</span> <span class='ocrx_word' id='word_1_182' title='bbox 1336 1830 1424 1870; x_wconf 90' lang='lat' dir='ltr'>illis</span> 
     </span>
     <span class='ocr_line' id='line_1_24' title="bbox 32 1897 1424 1952; baseline -0.003 -11"><span class='ocrx_word' id='word_1_183' title='bbox 32 1899 163 1941; x_wconf 85' lang='lat' dir='ltr'>citra¹</span> <span class='ocrx_word' id='word_1_184' title='bbox 206 1900 311 1940; x_wconf 81' lang='lat' dir='ltr'>istas</span> <span class='ocrx_word' id='word_1_185' title='bbox 341 1899 559 1940; x_wconf 61' lang='lat' dir='ltr'>haereatur</span> <span class='ocrx_word' id='word_1_186' title='bbox 590 1898 834 1948; x_wconf 80' lang='lat' dir='ltr'>infirmiter,</span> <span class='ocrx_word' id='word_1_187' title='bbox 873 1898 946 1938; x_wconf 85' lang='lat' dir='ltr'>sed</span> <span class='ocrx_word' id='word_1_188' title='bbox 981 1897 1036 1938; x_wconf 85' lang='lat' dir='ltr'>ad</span> <span class='ocrx_word' id='word_1_189' title='bbox 1071 1898 1177 1938; x_wconf 81' lang='lat' dir='ltr'>istas</span> <span class='ocrx_word' id='word_1_190' title='bbox 1218 1911 1294 1952; x_wconf 83' lang='lat' dir='ltr'>per</span> <span class='ocrx_word' id='word_1_191' title='bbox 1327 1897 1424 1937; x_wconf 86' lang='lat' dir='ltr'>illas</span> 
     </span>
     <span class='ocr_line' id='line_1_25' title="bbox 32 1964 1424 2020; baseline -0.003 -12"><span class='ocrx_word' id='word_1_192' title='bbox 32 1970 225 2009; x_wconf 83' lang='lat' dir='ltr'>curratur</span> <span class='ocrx_word' id='word_1_193' title='bbox 257 1966 464 2007; x_wconf 80' lang='lat' dir='ltr'>alacriter.</span> <span class='ocrx_word' id='word_1_194' title='bbox 528 1965 637 2007; x_wconf 76' lang='lat' dir='ltr'>Haeo</span> <span class='ocrx_word' id='word_1_195' title='bbox 673 1965 810 2020; x_wconf 86' lang='lat' dir='ltr'>igitur</span> <span class='ocrx_word' id='word_1_196' title='bbox 851 1968 978 2013; x_wconf 81' lang='lat' dir='ltr'>terra,</span> <span class='ocrx_word' id='word_1_197' title='bbox 1017 1964 1137 2019; x_wconf 78' lang='lat' dir='ltr'>eujus</span> <span class='ocrx_word' id='word_1_198' title='bbox 1178 1978 1293 2005; x_wconf 87' lang='grc'>1111116</span> <span class='ocrx_word' id='word_1_199' title='bbox 1334 1978 1424 2004; x_wconf 85' lang='grc'>1116-</span> 
     </span>
     <span class='ocr_line' id='line_1_26' title="bbox 31 2032 1425 2089; baseline -0.002 -14"><span class='ocrx_word' id='word_1_200' title='bbox 31 2035 143 2083; x_wconf 88' lang='lat' dir='ltr'>mini,</span> <span class='ocrx_word' id='word_1_201' title='bbox 180 2037 344 2089; x_wconf 83' lang='lat' dir='ltr'>quanta</span> <span class='ocrx_word' id='word_1_202' title='bbox 386 2034 444 2074; x_wconf 84' lang='lat' dir='ltr'>sit</span> <span class='ocrx_word' id='word_1_203' title='bbox 479 2032 716 2074; x_wconf 80' lang='lat' dir='ltr'>Catholicis</span> <span class='ocrx_word' id='word_1_204' title='bbox 750 2032 962 2072; x_wconf 82' lang='lat' dir='ltr'>universis</span> <span class='ocrx_word' id='word_1_205' title='bbox 1006 2032 1284 2073; x_wconf 76' lang='lat' dir='ltr'>aemulatione</span> <span class='ocrx_word' id='word_1_206' title='bbox 1329 2044 1425 2086; x_wconf 88' lang='lat' dir='ltr'>pro-</span> 
     </span>
     <span class='ocr_line' id='line_1_27' title="bbox 33 2099 1425 2158; baseline -0.003 -14"><span class='ocrx_word' id='word_1_207' title='bbox 33 2102 253 2158; x_wconf 84' lang='lat' dir='ltr'>sequenda,</span> <span class='ocrx_word' id='word_1_208' title='bbox 315 2116 405 2142; x_wconf 89' lang='lat' dir='ltr'>non</span> <span class='ocrx_word' id='word_1_209' title='bbox 456 2100 646 2156; x_wconf 85' lang='lat' dir='ltr'>segniter</span> <span class='ocrx_word' id='word_1_210' title='bbox 696 2114 771 2155; x_wconf 87' lang='lat' dir='ltr'>per</span> <span class='ocrx_word' id='word_1_211' title='bbox 813 2099 1121 2153; x_wconf 68' lang='lat' dir='ltr'>subsequentia</span> <span class='ocrx_word' id='word_1_212' title='bbox 1172 2099 1425 2140; x_wconf 80' lang='lat' dir='ltr'>declaratur.</span> 
     </span>
     <span class='ocr_line' id='line_1_28' title="bbox 35 2166 1425 2224; baseline -0.003 -14"><span class='ocrx_word' id='word_1_213' title='bbox 35 2169 137 2212; x_wconf 83' lang='lat' dir='ltr'>Haeo</span> <span class='ocrx_word' id='word_1_214' title='bbox 165 2173 229 2211; x_wconf 87' lang='lat' dir='ltr'>est</span> <span class='ocrx_word' id='word_1_215' title='bbox 262 2170 377 2211; x_wconf 87' lang='lat' dir='ltr'>enim</span> <span class='ocrx_word' id='word_1_216' title='bbox 405 2183 536 2224; x_wconf 87' lang='lat' dir='ltr'>quam</span> <span class='ocrx_word' id='word_1_217' title='bbox 569 2168 916 2224; x_wconf 79' lang='lat' dir='ltr'>patriarcharum</span> <span class='ocrx_word' id='word_1_218' title='bbox 948 2167 1184 2208; x_wconf 85' lang='lat' dir='ltr'>honora-vit</span> <span class='ocrx_word' id='word_1_219' title='bbox 1216 2166 1425 2207; x_wconf 74' lang='lat' dir='ltr'>excellen-</span> 
     </span>
     <span class='ocr_line' id='line_1_29' title="bbox 33 2233 1425 2293; baseline -0.004 -15"><span class='ocrx_word' id='word_1_220' title='bbox 33 2237 103 2287; x_wconf 88' lang='lat' dir='ltr'>tia,</span> <span class='ocrx_word' id='word_1_221' title='bbox 140 2252 268 2293; x_wconf 85' lang='lat' dir='ltr'>quam</span> <span class='ocrx_word' id='word_1_222' title='bbox 300 2236 540 2278; x_wconf 82' lang='lat' dir='ltr'>illustravit</span> <span class='ocrx_word' id='word_1_223' title='bbox 592 2235 807 2290; x_wconf 85' lang='lat' dir='ltr'>sapientia</span> <span class='ocrx_word' id='word_1_224' title='bbox 839 2234 1157 2289; x_wconf 80' lang='lat' dir='ltr'>prophetarum,</span> <span class='ocrx_word' id='word_1_225' title='bbox 1207 2248 1303 2288; x_wconf 65' lang='lat' dir='ltr'>quae</span> <span class='ocrx_word' id='word_1_226' title='bbox 1342 2233 1425 2274; x_wconf 91' lang='lat' dir='ltr'>Dei</span> 
     </span>
     <span class='ocr_line' id='line_1_30' title="bbox 35 2300 1426 2359; baseline -0.005 -12"><span class='ocrx_word' id='word_1_227' title='bbox 35 2305 304 2356; x_wconf 78' lang='lat' dir='ltr'>Genitrioem,</span> <span class='ocrx_word' id='word_1_228' title='bbox 328 2305 556 2359; x_wconf 78' lang='lat' dir='ltr'>Virginem</span> <span class='ocrx_word' id='word_1_229' title='bbox 590 2303 823 2358; x_wconf 78' lang='lat' dir='ltr'>virginum,</span> <span class='ocrx_word' id='word_1_230' title='bbox 847 2302 1068 2357; x_wconf 76' lang='lat' dir='ltr'>produxit,</span> <span class='ocrx_word' id='word_1_231' title='bbox 1102 2316 1198 2356; x_wconf 79' lang='lat' dir='ltr'>quae</span> <span class='ocrx_word' id='word_1_232' title='bbox 1232 2301 1314 2342; x_wconf 88' lang='lat' dir='ltr'>Dei</span> <span class='ocrx_word' id='word_1_233' title='bbox 1354 2300 1426 2341; x_wconf 87' lang='lat' dir='ltr'>Fi-</span> 
     </span>
     <span class='ocr_line' id='line_1_31' title="bbox 34 2369 1424 2426; baseline -0.004 -12"><span class='ocrx_word' id='word_1_234' title='bbox 34 2372 148 2424; x_wconf 86' lang='lat' dir='ltr'>lium,</span> <span class='ocrx_word' id='word_1_235' title='bbox 179 2373 387 2414; x_wconf 79' lang='lat' dir='ltr'>Sanctum</span> <span class='ocrx_word' id='word_1_236' title='bbox 419 2375 679 2421; x_wconf 79' lang='lat' dir='ltr'>sanctorum,</span> <span class='ocrx_word' id='word_1_237' title='bbox 709 2370 1026 2426; x_wconf 82' lang='lat' dir='ltr'>progeneravit.</span> <span class='ocrx_word' id='word_1_238' title='bbox 1094 2369 1201 2410; x_wconf 81' lang='grc' dir='ltr'>Η166</span> <span class='ocrx_word' id='word_1_239' title='bbox 1231 2372 1296 2410; x_wconf 86' lang='lat' dir='ltr'>est</span> <span class='ocrx_word' id='word_1_240' title='bbox 1328 2382 1424 2423; x_wconf 67' lang='lat' dir='ltr'>quze</span> 
     </span>
     <span class='ocr_line' id='line_1_32' title="bbox 35 2437 1426 2496; baseline -0.004 -14"><span class='ocrx_word' id='word_1_241' title='bbox 35 2441 323 2496; x_wconf 85' lang='lat' dir='ltr'>apostolorum</span> <span class='ocrx_word' id='word_1_242' title='bbox 355 2439 671 2480; x_wconf 81' lang='lat' dir='ltr'>sublimitatem</span> <span class='ocrx_word' id='word_1_243' title='bbox 704 2437 899 2492; x_wconf 84' lang='lat' dir='ltr'>protulit.</span> <span class='ocrx_word' id='word_1_244' title='bbox 955 2437 1064 2478; x_wconf 68' lang='lat' dir='ltr'>Hzee</span> <span class='ocrx_word' id='word_1_245' title='bbox 1086 2440 1151 2478; x_wconf 82' lang='lat' dir='ltr'>est</span> <span class='ocrx_word' id='word_1_246' title='bbox 1174 2451 1269 2491; x_wconf 80' lang='lat' dir='ltr'>quae</span> <span class='ocrx_word' id='word_1_247' title='bbox 1298 2450 1426 2477; x_wconf 86' lang='lat' dir='ltr'>evan-</span> 
     </span>
     <span class='ocr_line' id='line_1_33' title="bbox 36 2502 1426 2563; baseline -0.004 -14"><span class='ocrx_word' id='word_1_248' title='bbox 36 2508 283 2563; x_wconf 84' lang='lat' dir='ltr'>gelistarum</span> <span class='ocrx_word' id='word_1_249' title='bbox 326 2507 632 2548; x_wconf 79' lang='lat' dir='ltr'>auctoritatem</span> <span class='ocrx_word' id='word_1_250' title='bbox 675 2505 883 2546; x_wconf 82' lang='lat' dir='ltr'>exhibuit.</span> <span class='ocrx_word' id='word_1_251' title='bbox 951 2504 1060 2546; x_wconf 78' lang='lat' dir='ltr'>Haeo</span> <span class='ocrx_word' id='word_1_252' title='bbox 1101 2509 1166 2545; x_wconf 86' lang='lat' dir='ltr'>est</span> <span class='ocrx_word' id='word_1_253' title='bbox 1196 2519 1221 2544; x_wconf 91' lang='lat' dir='ltr'>a</span> <span class='ocrx_word' id='word_1_254' title='bbox 1258 2518 1342 2557; x_wconf 83' lang='lat' dir='ltr'>qua</span> <span class='ocrx_word' id='word_1_255' title='bbox 1372 2502 1426 2543; x_wconf 90' lang='lat' dir='ltr'>ab</span> 
     </span>
     <span class='ocr_line' id='line_1_34' title="bbox 39 2572 1428 2631; baseline -0.004 -16"><span class='ocrx_word' id='word_1_256' title='bbox 39 2575 161 2617; x_wconf 89' lang='lat' dir='ltr'>initio</span> <span class='ocrx_word' id='word_1_257' title='bbox 200 2575 513 2631; x_wconf 84' lang='lat' dir='ltr'>splenduerunt</span> <span class='ocrx_word' id='word_1_258' title='bbox 548 2575 807 2614; x_wconf 82' lang='lat' dir='ltr'>documenta</span> <span class='ocrx_word' id='word_1_259' title='bbox 840 2572 1044 2621; x_wconf 80' lang='lat' dir='ltr'>coelestia,</span> <span class='ocrx_word' id='word_1_260' title='bbox 1083 2574 1321 2626; x_wconf 77' lang='lat' dir='ltr'>patuerunt</span> <span class='ocrx_word' id='word_1_261' title='bbox 1355 2584 1428 2611; x_wconf 82' lang='lat' dir='ltr'>ex-</span> 
     </span>
     <span class='ocr_line' id='line_1_35' title="bbox 38 2639 1428 2698; baseline -0.004 -15"><span class='ocrx_word' id='word_1_262' title='bbox 38 2642 172 2698; x_wconf 85' lang='lat' dir='ltr'>empla</span> <span class='ocrx_word' id='word_1_263' title='bbox 205 2642 422 2691; x_wconf 80' lang='lat' dir='ltr'>salutaria,</span> <span class='ocrx_word' id='word_1_264' title='bbox 458 2643 774 2683; x_wconf 85' lang='lat' dir='ltr'>emanaverunt</span> <span class='ocrx_word' id='word_1_265' title='bbox 811 2639 1084 2680; x_wconf 84' lang='lat' dir='ltr'>divinissima</span> <span class='ocrx_word' id='word_1_266' title='bbox 1125 2640 1428 2688; x_wconf 70' lang='lat' dir='ltr'>sacramenta3</span> 
     </span>
    </p>
   </div>
   <div class='ocr_carea' id='block_1_3' title="bbox 137 2773 702 2776">
    <p class='ocr_par' dir='ltr' id='par_1_4' title="bbox 137 2773 702 2776">
     <span class='ocr_line' id='line_1_36' title="bbox 137 2773 702 2776; baseline 0 0"><span class='ocrx_word' id='word_1_267' title='bbox 137 2773 702 2776; x_wconf 95' lang='lat' dir='ltr'> </span> 
     </span>
    </p>
   </div>
   <div class='ocr_carea' id='block_1_4' title="bbox 30 2739 36 2831">
    <p class='ocr_par' dir='ltr' id='par_1_5' title="bbox 30 2739 36 2831">
     <span class='ocr_line' id='line_1_37' title="bbox 30 2739 36 2831; baseline 0 -18"><span class='ocrx_word' id='word_1_268' title='bbox 30 2739 36 2831; x_wconf 70' lang='grc'>1</span> 
     </span>
    </p>
   </div>
   <div class='ocr_carea' id='block_1_5' title="bbox 683 2855 782 2887">
    <p class='ocr_par' dir='ltr' id='par_1_6' title="bbox 683 2855 782 2887">
     <span class='ocr_line' id='line_1_38' title="bbox 683 2855 782 2887; baseline -0.01 0"><span class='ocrx_word' id='word_1_269' title='bbox 683 2861 689 2874; x_wconf 77' lang='lat'><em>²</em></span> <span class='ocrx_word' id='word_1_270' title='bbox 719 2855 782 2887; x_wconf 74' lang='lat' dir='ltr'>Sic.</span> 
     </span>
    </p>
   </div>
  </div>
 </body>
</html>
