1905 3180
446 234 531 275 294<
918 239 1024 271 ADAE
1056 240 1117 271 DE
1147 238 1345 272 MARlsco

1048 511 1202 555 CLIX.

443 621 634 677 I‘nclytcc
651 619 851 664 domimo
872 619 940 670 A„
967 617 1218 662 Comitissoe
1243 616 1520 674 Leycestrioe,
1537 617 1698 659 Frater
1717 615 1838 660 Acza.

218 735 350 778 Urging
364 736 424 767 her
502 727 699 769 Breviter
735 725 892 781 scripsi,
941 724 1041 780 quia
1074 723 1284 779 prolixius
1322 723 1504 765 scribere
1535 737 1624 764 non
1654 722 1839 765 vacavit.

217 786 413 855 {Zssfffiogg-
442 795 511 835 Ex
554 795 627 835 illa
660 794 743 835 Dei
775 793 1001 841 sententia,
1036 807 1122 847 qua
1154 791 1321 841 dicitur,
1359 791 1621 832 “Faciamus
1652 790 1690 832 ei
1722 789 1842 845 adju-

217 878 372 918 servjance
389 868 428 899 of
442 868 464 884 “
494 863 654 904 torium
686 862 822 903 simile
860 860 979 910 sibi,‘''
1021 860 1246 901 evidenter
1276 859 1542 909 instruimur,
1587 858 1689 913 quia
1728 872 1840 899 uxor

218 913 373 988 {ffissgal
439 931 532 971 viro
562 929 873 970 districtissime
904 930 1091 979 tenetur,
1114 930 1157 968 et
1188 942 1264 982 per
1285 927 1447 983 vigoris
1478 926 1775 977 constantiam,
1797 927 1842 967 et

439 1012 514 1053 per
546 997 814 1039 discretionis
843 996 1131 1051 prudentiam,
1166 998 1210 1036 et
1235 1009 1311 1050 per
1343 994 1630 1050 benignitatis
1662 994 1843 1035 clemen-

439 1066 556 1115 tiam,
575 1066 726 1120 jugem
751 1064 991 1119 juvaminis
1022 1063 1268 1119 impendere
1300 1063 1587 1112 sedulitatem,
1611 1061 1667 1103 ad
1699 1060 1844 1103 omnia

437 1133 484 1173 in
516 1133 682 1187 quibus,
717 1135 795 1173 aut
828 1132 946 1173 Deus
978 1132 1147 1182 colitur,
1179 1134 1256 1172 aut
1281 1130 1399 1186 juste
1420 1130 1598 1181 vivitur,
1621 1131 1699 1170 aut
1728 1132 1843 1170 recte

431 1200 663 1254 judicatur.
725 1199 910 1255 Propter
954 1200 1070 1255 quod
1118 1199 1257 1240 omnis
1289 1199 1436 1239 anima
1466 1197 1714 1255 conjugalis,
1747 1211 1843 1252 quae

437 1268 575 1309 modis
618 1267 817 1309 omnibus
865 1268 945 1309 1100
994 1268 1172 1322 implere
1217 1281 1307 1308 non
1351 1266 1521 1322 satagit,
1569 1265 1845 1306 individuum

438 1336 544 1376 vit-<e
577 1336 850 1384 consortium,
884 1335 931 1376 in
963 1335 1078 1390 quod
1121 1334 1356 1376 secundum
1396 1334 1536 1390 legem
1578 1332 1845 1374 matrimonii

440 1403 698 1444 intemerate
748 1403 1011 1444 servandum
1055 1402 1310 1458 conjiuavit,
1347 1401 1652 1443 damnabiliter
1682 1400 1845 1442 violare

440 1471 724 1511 convincitur.
791 1470 927 1525 Cujus
983 1470 1355 1526 praevaricationis
1387 1472 1557 1511 reatum
1600 1483 1690 1525 prae
1722 1483 1848 1510 cunc-

439 1538 496 1578 tis
546 1541 712 1578 mentes
762 1538 978 1579 incurrere
1028 1538 1373 1593 comprobantur,
1427 1552 1522 1593 quae
1564 1552 1639 1593 per
1691 1537 1848 1578 daemo—

439 1605 574 1646 niales
604 1605 767 1646 irarum
798 1606 960 1647 furores
994 1605 1334 1646 amantissimam
1361 1605 1549 1660 conjugii
1570 1619 1718 1660 pacem
1754 1618 1849 1660 per-

443 1673 619 1714 turbare
641 1687 729 1713 non
750 1673 997 1714 formidant.
1051 1673 1237 1714 Proinde
1260 1676 1411 1714 contra
1430 1673 1538 1713 tales
1566 1672 1848 1713 formidabili-

442 1743 510 1781 ter
540 1741 647 1781 illud
672 1741 864 1791 occurrit,
892 1741 1080 1782 “Virum
1104 1741 1296 1790 stultum,
1321 1741 1366 1782 id
1388 1744 1464 1791 est,
1488 1740 1694 1790 animum,
1716 1740 1849 1781 inter-

445 1813 465 1828 “
497 1807 588 1849 ficit
618 1809 841 1850 iracundia
873 1813 917 1850 et
948 1809 1181 1864 parvulum
1215 1809 1370 1850 occidit
1411 1808 1616 1849 invidia.''
1677 1808 1846 1863 Nempe

444 1874 548 1915 dum
595 1891 671 1930 per
717 1876 828 1917 iram
860 1877 1147 1918 mansuetudo
1179 1877 1409 1926 amittitur,
1444 1877 1604 1918 divinae
1646 1876 1848 1932 imaginis

444 1943 680 1984 similitudo
702 1944 895 1994 vitiatur,
920 1945 1133 1999 sapientia
1163 1945 1370 2000 perditur,
1394 1944 1488 1985 vita
1508 1944 1738 1995 amittitur,
1755 1943 1847 1998 jus-

444 2010 544 2051 titia
565 2011 833 2066 relinquitur,
859 2013 1074 2054 socialitas
1097 2012 1348 2063 destruitur,
1372 2013 1598 2054 concordia
1618 2012 1846 2068 rumpitur,

445 2078 607 2119 veritas
653 2079 946 2121 obumbratiu’.
1012 2080 1079 2122 De
1115 2081 1181 2121 ira
1211 2080 1330 2130 rixae,
1369 2084 1515 2121 tumor
1546 2080 1714 2130 mentis,
1748 2094 1847 2121 con-

446 2145 646 2195 tumeliae,
692 2147 858 2197 clamor,
892 2148 1146 2203 indignatio,
1191 2148 1534 2203 pusillanimitas,
1566 2147 1846 2203 blasphemiae

446 2211 736 2266 proferuntur.
792 2214 932 2266 Quam
963 2216 1199 2257 necessario
1232 2216 1426 2271 sequitur
1456 2216 1647 2265 tristitia,
1677 2215 1729 2257 de
1761 2229 1847 2270 qua

448 2280 624 2329 malitia,
659 2295 821 2333 rancor,
854 2283 1197 2338 pusillanimitas,
1245 2284 1496 2339 desperatiO,
1545 2287 1694 2339 torpor
1736 2283 1848 2325 circa

448 2350 674 2402 przecepta,
726 2350 902 2404 vagatio
949 2352 1107 2392 mentis
1153 2366 1254 2407 erga
1317 2351 1468 2393 illicita
1513 2351 1714 2392 nascitur.
1789 2351 1848 2392 In

449 2411 514 2453 ira
545 2429 615 2455 cor
660 2415 857 2471 palpitat,
895 2419 941 2459 in
972 2420 1290 2462 concussionem
1320 2419 1508 2475 proximi
1548 2419 1759 2475 propellit,
1801 2420 1849 2460 in

451 2481 794 2525 maledictionem
826 2485 1020 2541 linguam
1053 2488 1269 2542 impingit,
1311 2490 1526 2529 mentem·
1546 2487 1667 2528 intus
1698 2487 1848 2528 devas-

453 2550 530 2596 tat,
554 2549 700 2590 odium
732 2553 1047 2594 carissimorum
1076 2558 1254 2610 generat
1285 2557 1330 2595 et
1358 2554 1498 2596 foedus
1526 2554 1727 2596 amicitiae
1764 2554 1848 2596 dis-

452 2615 590 2657 solvit.
673 2617 802 2659 Absit
832 2623 883 2661 ut
927 2624 1019 2661 tam
1063 2623 1300 2663 execranda
1341 2623 1475 2677 pestis
1518 2622 1723 2672 animum,
1756 2625 1847 2663 tam

452 2683 679 2738 multiplici
723 2686 955 2728 illustrium
1006 2689 1235 2730 titulorum
1286 2690 1422 2744 gloria
1472 2690 1764 2741 sublimatum,
1801 2690 1849 2731 in

451 2751 734 2804 ignominiam
781 2755 969 2795 exitialis
1013 2756 1207 2797 barathri
1260 2757 1558 2798 detestabilem
1605 2757 1844 2798 detrudat!

452 2818 705 2871 Subveniat,
751 2835 834 2872 oro,
877 2823 1165 2877 placidissima
1215 2825 1418 2879 piissimae
1461 2825 1654 2880 Virginis
1703 2825 1846 2880 gratia

451 2886 565 2940 apud
596 2887 869 2929 benedictum
907 2890 1141 2932 Auctorem
1173 2892 1361 2946 pacificae
1394 2892 1644 2944 dilectionis,
1673 2896 1724 2934 ut
1755 2906 1843 2948 pax
