1905 3180
645 253 882 284 EPISTOLAE.
1377 243 1463 289 307

65 370 246 426 qualem,
270 384 398 425 quam
429 384 497 411 me
524 370 701 410 memini
724 373 880 411 vestrse
902 370 1146 425 przelationi
1171 371 1461 425 [destinasse]

63 438 110 479 in
131 440 276 493 partes
297 438 654 483 ultramontanas,
673 439 887 479 maturius
909 441 1005 493 post
1027 442 1271 493 susceptum
1293 454 1319 479 a
1340 438 1464 479 vobis

59 505 358 556 ministerium,
382 505 550 560 plenius
570 505 720 546 fuisset
745 506 857 547 lecta
887 509 932 546 et
963 505 1195 556 intellecta,
1225 520 1301 561 per
1332 521 1462 561 quam

61 577 238 615 conatus
269 588 365 614 sum
398 573 620 624 nonnulla,
653 573 866 614 succincte
898 572 1010 623 licet,
1054 574 1217 628 aperire
1259 574 1464 615 continua

59 644 260 682 votorum
294 656 487 683 meorum
518 641 827 683 meditamina!
861 640 947 682 Sed
968 640 1150 681 forsitan
1181 641 1261 683 hoc
1283 642 1464 683 exclusit

59 709 230 750 assidua
258 710 501 765 ingentium
535 724 758 750 causarum
790 708 990 765 urgentia
1021 708 1209 749 hominis
1240 710 1464 764 utriusque

59 777 337 819 multimodas
366 778 626 833 indigentias
652 777 807 831 quibus
828 790 998 832 premor
1018 777 1165 817 indies.
1213 777 1464 818 Perdilectis

57 845 255 900 patribus
285 844 410 886 fratri
446 845 488 887 J.
524 848 568 886 et
603 844 728 886 fratri
761 845 831 896 M.,
863 844 983 885 sociis
1012 845 1179 895 vestris,
1214 845 1463 900 caeterisque

58 912 181 954 vobis
223 912 438 968 spirituali
474 913 783 955 necessitudine
817 912 1065 967 conjunctis,
1105 913 1140 953 si
1177 913 1325 968 placet,
1360 913 1463 954 Vici-

57 981 137 1022 bus
190 980 474 1036 frequentatis
531 981 702 1022 obsecro
761 980 1110 1022 recommendari.
1193 980 1460 1036 Sapientiam

56 1048 193 1090 cordis
231 1052 275 1090 et
315 1048 617 1090 fortitudinem
654 1048 818 1090 roboris
855 1048 1079 1090 continuet
1120 1048 1243 1089 vobis
1281 1048 1461 1105 Sapiens

56 1116 180 1158 corde
221 1119 266 1157 et
309 1116 451 1158 Fortis
498 1117 661 1168 robore,
704 1132 779 1172 per
824 1116 975 1173 jugem
1022 1117 1319 1159 interventum
1371 1131 1459 1159 suae

56 1183 286 1226 Genitricis
307 1184 634 1240 gloriosissimae.
696 1184 850 1227 Amen.

116 1252 281 1294 Datum
304 1252 551 1295 Lincolniae.

55 1384 173 1427 HAEc
219 1395 298 1426 EST
344 1384 531 1426 ULTIMA
573 1385 787 1434 LITTERA‚
821 1394 952 1434 QUAM
995 1395 1212 1428 0101111711Ὶ
1257 1397 1347 1429 PIAE
1380 1399 1456 1429 RE-

272 1462 578 1495 CORDATIONIS
610 1453 687 1494 FR.
721 1454 864 1495 ADAM
896 1464 958 1496 DE
989 1452 1227 1497 ΜΑ111300,1

667 1579 840 1622 CLXX.

47 1676 438 1720 Reverendissimo
466 1676 523 1719 in
555 1675 731 1720 Olwisto
756 1676 899 1731 patri,
922 1676 1083 1719 Fratri
1116 1677 1204 1730 W?
1230 1678 1451 1722 Ministro

166 1746 389 1788 Fratrum
420 1745 667 1787 Minommn
691 1744 748 1786 in
778 1744 970 1800 Amyclas,
1005 1745 1167 1788 Frater
1197 1746 1306 1789 Ada
1327 1747 1450 1790 salu-

166 1817 252 1856 tem
283 1813 340 1855 in
360 1812 568 1856 Domino.

107 1907 309 1963 Inspecta
349 1907 497 1948 littera
545 1906 718 1962 pietatis
770 1909 937 1955 vestrae,
987 1906 1106 1961 cujus
1152 1909 1220 1950 vel
1263 1909 1447 1952 ferreum
1465 1907 1672 1982 tEh{p1l·32i1¹}‹s>ns

46 1977 195 2031 pectus
261 1974 545 2030 frequentatis
609 1974 774 2015 vicibus
830 1990 917 2015 non
973 1975 1285 2032 transfigerent,
1344 1978 1447 2020 dum
1465 1996 1504 2027 of
1522 1996 1574 2027 his
1591 2006 1643 2026 re-

46 2058 121 2098 per
165 2058 258 2084 eam
301 2043 599 2098 imprimerent
634 2042 814 2083 vulnera
850 2042 1100 2084 vulneribus
1136 2044 1445 2100 limpidissimae
1464 2040 1664 2115 ffifflffilgdin

1520 2109 1539 2122 μ

45 2111 360 2166 compassionis,
407 2110 563 2165 jaculis
613 2110 757 2165 jacula
808 2110 1088 2153 succedentia.
1165 2112 1250 2154 Sed.
1311 2115 1574 2169 quidZvvhilst

47 2178 173 2220 Certe
234 2178 490 2219 mellifluum
542 2178 697 2219 inflicti
758 2178 915 2220 doloris
966 2179 1166 2221 solatium
1223 2172 1623 2248 3111111ἀα11-Ιξὲξῇ1ᾶο

43 2246 130 2286 tius
171 2247 331 2296 attulit,
376 2261 473 2288 cum
509 2249 708 2287 nectarea
740 2246 1004 2288 suavissimae
1045 2247 1284 2290 dilectionis
1325 2250 1446 2292 afflu-
1463 2261 1617 2292 attended

43 2314 161 2355 entia
205 2314 375 2369 patulas
419 2314 644 2370 plagarum
691 2313 892 2355 scissuras
933 2315 1146 2357 salubrius
1187 2317 1444 2360 infunderet.
1462 2305 1646 2389 ffissllffgetg‘

43 2381 228 2425 Proinde
269 2383 325 2424 ad
365 2384 658 2439 rependendas
705 2383 938 2439 condignas
979 2384 1217 2440 gratiarum
1259 2387 1446 2430 actiones
1465 2393 1579 2425 Rome.

42 2451 217 2491 amabili
237 2455 393 2493 vestrae
422 2451 664 2492 sanctitatis
695 2451 958 2503 liberalitati,
982 2453 1186 2508 quoniam
1208 2455 1324 2496 vocis
1355 2470 1447 2498 suc-

44 2518 209 2561 cumbit
231 2519 462 2575 eloquium,
485 2520 656 2562 utinam
678 2523 809 2576 prout
831 2520 1001 2563 coelitus
1028 2521 1443 2576 subministrabitur,

87 2691 95 2708 ¹
120 2690 241 2722 Added
266 2691 301 2722 in
326 2691 453 2723 minion
478 2693 524 2734 by
540 2692 596 2724 the
622 2703 713 2725 same
770 2703 847 2725 men
880 2693 940 2725 has
966 2695 1050 2725 been
1078 2695 1179 2736 given
1210 2700 1243 2728 at
1267 2697 1323 2729 the
1353 2707 1442 2729 com-

42 2741 157 2774 seribe.
204 2743 277 2775 The
308 2743 382 2776 MS.
410 2754 486 2775 now
516 2749 648 2776 returns
679 2750 713 2776 to
770 2751 977 2777 mencement
1001 2746 1040 2777 of
1056 2747 1122 2778 this
1138 2749 1235 2780 book.

38 2794 94 2826 the
124 2795 349 2838 handwriting
375 2796 414 2828 of
430 2796 540 2828 which
566 2807 585 2828 a
609 2796 712 2838 speei—
814 2798 826 2816 2
850 2798 1228 2841 Wm.0fN0ttingham.
1269 2801 1330 2833 See
1345 2812 1375 2843 p.
1389 2806 1441 2841 59,

768 2852 843 2881 303.

1169 2907 1259 2945 ΗΞ
