1905 3180
439 235 524 275 314
914 242 1018 273 ADAE
1050 243 1112 274 DE
1143 241 1340 274 MARISCO

435 361 591 416 agenti,
637 361 841 402 inclinare
884 376 972 402 non
1004 360 1170 403 ducatis
1216 361 1455 417 indignum.
1519 361 1665 416 Longe
1695 361 1774 403 fiat
1805 376 1831 402 a

434 430 506 484 pia
551 429 748 470 latissimi
800 429 937 471 cordis
984 429 1305 485 magnificentia
1338 429 1589 471 detestabile
1637 429 1830 471 diffiden-

432 497 505 538 tiae
526 497 694 547 vitium,
719 512 804 552 quo
835 512 955 539 mens
985 497 1235 553 blasphema
1265 497 1462 553 desperat
1493 497 1576 538 Dei
1606 497 1829 547 virtutem,

433 564 516 606 Dei
547 565 811 620 sapientiam,
837 566 920 607 Dei
941 566 1334 615 sanctificationem,
1359 569 1436 607 aut
1466 580 1587 621 posse
1610 569 1686 607 aut
1706 580 1830 607 nosse

432 637 508 674 aut
553 634 672 683 velle,
720 649 816 675 cum
862 634 1093 689 multiplici
1139 648 1334 689 supernae
1380 634 1620 690 largitionis
1662 634 1830 675 fervore

431 702 514 743 sibi
545 702 738 757 impensa
768 702 1002 744 refundere.
1068 702 1266 757 Denique
1298 702 1350 743 de
1392 702 1596 743 mandato
1643 701 1831 743 ministri

430 770 638 825 generalis
660 771 712 812 de
734 771 954 826 provincia
974 770 1204 825 superioris
1225 770 1507 819 Alemanniae,
1532 770 1638 811 duos
1664 770 1827 818 fratres,

432 837 664 893 Hugonem
698 843 741 880 et
772 838 1029 890 Jordanum,
1069 837 1263 893 juvenes,
1297 838 1516 894 benignos,
1565 839 1750 888 idoneos,
1784 841 1829 879 et

430 905 555 947 bonae
587 907 686 961 spei,
721 907 777 947 ad
808 921 883 948 vos
915 910 966 947 ut
998 906 1044 946 in
1077 906 1235 947 divinis
1267 907 1495 962 proficiant
1526 906 1707 961 eloquiis
1739 906 1830 947 des-

429 974 602 1024 tinatos,
636 975 848 1016 attentius
879 989 982 1031 rogo
1027 974 1246 1030 provisiva
1289 974 1561 1030 benignitate
1605 974 1827 1030 suscipere,

429 1042 618 1098 dirigere,
652 1057 902 1098 promovere
933 1043 1076 1084 velitis
1106 1043 1153 1083 in
1185 1043 1383 1084 Domino.

487 1111 642 1153 Valeat
673 1111 1033 1153 desideratissima
1064 1114 1219 1153 vestrae
1270 1111 1512 1153 sanctitatis
1557 1110 1829 1154 incolumitas

428 1173 505 1212 etc.

488 1239 673 1281 Gemens
716 1239 795 1281 sub
839 1239 961 1294 aquis
992 1239 1069 1281 vix
1116 1239 1200 1282 ista
1242 1239 1359 1282 rauci
1404 1239 1595 1296 gutturis
1641 1239 1828 1282 susurrio

426 1309 607 1363 carptim
641 1309 1005 1357 submurmuravi,
1056 1323 1183 1363 quem
1229 1308 1441 1363 abyssalis
1485 1308 1635 1350 horror
1686 1308 1827 1365 oppri-

427 1377 640 1419 mentium
673 1377 1002 1433 occupationum
1035 1377 1271 1432 profundat
1301 1377 1588 1420 immensium.

1003 1593 1245 1637 CLXXIV.

423 1704 583 1748 Fratri
627 1704 700 1756 W„
737 1704 956 1748 Ministro
989 1706 1186 1762 Anylicc,
1224 1706 1385 1749 Frater
1419 1705 1530 1749 Adeo
1561 1706 1754 1751 salutem
1790 1711 1829 1751 et

617 1774 955 1816 reverentialem
987 1773 1044 1816 ‘in
1078 1774 1289 1817 omnibus
1322 1774 1634 1818 obedientiam.

199 1893 240 1968 1¹f1
248 1893 364 1970 graf&
486 1894 764 1937 Carissimum
799 1895 978 1938 frat-rem
1014 1894 1065 1937 A.
1104 1895 1156 1938 de
1190 1895 1414 1949 Hereford,
1458 1911 1585 1952 quem
1616 1897 1722 1938 mihi
1754 1897 1827 1954 pia

197 1948 372 2022 ilex-cifos&
424 1967 579 2005 vestrae
605 1964 993 2021 circumspectionis
1016 1964 1220 2006 sedulitas
1248 1965 1486 2020 assignavit
1510 1979 1588 2021 pro
1614 1965 1738 2016 socio,
1761 1966 1826 2007 in-

196 2026 365 2102 ζζὲἶὲὶεῗέ
423 2031 524 2072 veni
569 2031 806 2086 benignum
858 2032 1083 2074 affectibus
1121 2036 1164 2074 et
1204 2033 1396 2074 moribus
1436 2033 1676 2084 honestum,
1711 2033 1824 2075 (loci-

196 2114 350 2146 continue
372 2121 406 2147 at
422 2098 506 2140 lem
537 2099 710 2154 ingenio
733 2103 776 2140 et
796 2100 1043 2141 litteratura
1070 2104 1333 2156 provectum,
1357 2099 1568 2143 efficacem
1599 2101 1824 2155 adjutoriis

196 2156 261 2232 {1513
271 2160 402 2234 {affiiffls
422 2168 465 2206 et
512 2165 659 2207 officiis
711 2182 948 2222 operosum,
1001 2183 1179 2210 suavem
1223 2168 1462 2210 socialitate
1520 2172 1563 2211 et
1620 2169 1822 2211 convictu

195 2244 294 2278 Laur.
327 2247 402 2279 Sut-
420 2233 665 2288 gratiosum.
730 2234 1020 2286 Quamobrem
1050 2236 1350 2278 indubitanter
1381 2236 1495 2278 credi
1536 2235 1663 2278 debet
1695 2237 1820 2292 quod,

194 2291 312 2366 {guhibse
329 2297 401 2323 sent
421 2300 665 2343 Divinitate
695 2303 894 2358 propitia,
917 2307 1017 2345 ante
1051 2304 1220 2360 prolixa
1251 2308 1493 2360 temporum
1525 2300 1743 2356 curricula,
1766 2304 1822 2345 ad

192 2377 296 2417 place.
418 2367 621 2410 honorem
657 2369 848 2422 Domini,
882 2375 925 2412 et
959 2372 1059 2414 cleri
1092 2373 1340 2423 doctrinam,
1374 2375 1418 2414 et
1445 2372 1594 2428 populi
1625 2372 1821 2424 salutem,

416 2435 452 2475 si
486 2435 623 2477 eidem
661 2438 712 2478 de
749 2439 1033 2480 continuitate
1068 2440 1200 2481 studii
1228 2440 1516 2495 provideatur,
1546 2440 1820 2482 laudabiliter

415 2502 608 2557 proficiet
634 2504 689 2544 ad
718 2505 1066 2560 praedicationem
1090 2507 1223 2549 Verbi
1253 2508 1347 2557 Dei,
1380 2508 1425 2548 in
1457 2508 1614 2563 eloquii
1645 2522 1818 2563 promp-

414 2569 612 2621 titudine,
629 2587 713 2626 qua
729 2573 937 2628 prseditus
959 2589 1047 2616 esse
1065 2576 1343 2631 cognoscitur,
1367 2590 1451 2630 quo
1469 2575 1600 2616 etiam
1621 2576 1819 2617 nonnulli

412 2637 538 2694 longe
570 2638 789 2681 inferiores
821 2641 875 2682 ad
908 2641 1093 2683 officium
1138 2643 1391 2684 eruditionis
1422 2643 1731 2698 impendendae,
1764 2646 1815 2685 ut

412 2706 573 2759 opinor,
602 2705 647 2748 in
671 2707 892 2763 Scriptura
924 2710 1055 2752 Sacra
1080 2714 1182 2752 sunt
1213 2711 1425 2766 designati
1457 2711 1509 2752 de
1535 2710 1814 2752 discretorum

410 2773 593 2815 consilio.
657 2774 819 2817 Verum
852 2778 1021 2819 oculata
1052 2778 1136 2820 fide
1168 2779 1391 2835 conspicio,
1426 2778 1662 2820 secundum
1695 2778 1811 2833 quod

410 2841 523 2896 cogit
574 2857 669 2884 mea
718 2845 957 2898 necessitas,
1013 2850 1057 2888 et
1108 2847 1276 2889 utilitas
1328 2862 1423 2888 mea
1474 2845 1664 2901 requirit,
1710 2846 1812 2901 quia
