1905 3180
410 242 493 282 128
897 248 1002 279 ΑΒΕ
1035 248 1095 279 DE
1126 247 1319 280 MAnlsco

190 376 390 408 '1'rialosssoe
410 366 602 407 (litorum
649 364 974 414 exaltationem,
1009 368 1100 405 tam
1147 363 1338 405 libenter
1384 378 1515 417 quam
1559 366 1810 404 constanter

190 422 266 452 Harl
284 422 324 450 of

192 465 364 496 Leiccster.

186 1843 262 1874 Feb.
283 1843 357 1875 Qud.

408 433 695 488 expositurus.
758 432 806 473 Si
848 435 995 473 autem
1037 434 1242 472 neutrum
1284 430 1438 471 horum
1481 431 1680 472 dominus
1730 445 1810 472 rex

408 500 564 555 eligere
606 500 880 551 consentiret,
923 498 1185 554 supplicavit
1226 497 1365 539 dictus
1408 512 1558 549 comes,
1601 498 1705 538 dum
1746 502 1813 539 ta-

409 583 508 609 men
549 568 731 623 praelati‚
773 581 980 623 proceres,
1024 569 1069 607 et
1120 566 1348 607 consiliarii
1393 566 1710 616 concordarent,
1759 569 1811 607 ut

407 636 613 677 custodiae
635 639 761 677 terrae
784 634 1009 676 Vaseoniae
1031 633 1169 674 modis
1199 632 1399 674 omnibus
1419 633 1703 683 renuntiaret,
1733 647 1810 688 per

405 704 535 759 regiae
566 704 796 759 potestatis
827 703 1081 744 clementem
1113 701 1467 756 prospectionem,
1497 701 1570 756 [si]
1594 700 1640 740 in
1668 700 1810 741 tribus

406 771 705 813 conditionum
744 768 1109 812 necessariarum¹
1158 768 1364 818 articulis
1401 768 1486 809 sibi
1521 782 1670 809 secura
1712 783 1809 809 con—

407 839 532 880 sultae
584 838 907 880 deliberationis
956 836 1216 878 diffinitione
1275 839 1524 877 caveretur:
1592 835 1807 884 videlicet,

406 920 459 947 ne
501 906 796 961 importabilia
838 906 995 946 damna
1026 907 1250 945 sumtuum
1293 903 1543 954 incurreret,
1587 906 1631 944 et
1672 903 1810 959 magis

405 988 458 1014 ne
491 973 709 1014 dedecoris
740 974 989 1028 probrosam
1011 972 1294 1027 ignominiam
1326 971 1546 1021 incideret,
1569 973 1613 1011 et
1644 985 1810 1012 summe

405 1056 459 1082 ne
494 1040 559 1081 illi
591 1041 666 1096 qui
697 1056 740 1082 se
773 1044 818 1082 et
850 1055 926 1081 sua
957 1040 1231 1080 intemeratae
1263 1038 1366 1079 fidei
1408 1039 1667 1079 strenuitate
1699 1053 1811 1093 prae-

406 1108 562 1155 valida,
586 1122 663 1163 pro
693 1108 867 1149 domino
892 1122 992 1163 rege
1023 1111 1068 1148 et
1100 1106 1187 1147 suis
1219 1106 1474 1155 haeredibus,
1497 1106 1613 1146 inter
1643 1105 1811 1148 hostili-

406 1179 549 1216 tatum
581 1176 829 1217 discrimina
881 1178 925 1216 et
970 1174 1267 1216 moderamina
1317 1173 1683 1229 gubernationum
1727 1173 1812 1229 ipsi

407 1243 556 1284 comiti
597 1258 685 1284 non
737 1246 957 1285 cessarunt
1008 1242 1238 1289 adliaerere‚
1287 1241 1489 1296 periculis
1531 1255 1811 1296 personarum

406 1313 484 1352 aut
514 1326 658 1352 rerum
690 1311 962 1352 detrimentis
991 1309 1266 1365 aliquatenus
1297 1312 1628 1364 exponerentur.

467 1379 776 1420 Verumtamen
812 1393 907 1419 cum
940 1378 1051 1418 nihil
1081 1378 1235 1418 horum
1256 1377 1481 1432 pervenire
1512 1377 1726 1432 potuisset
1756 1377 1812 1418 ad

407 1446 619 1495 effectum,
650 1446 829 1487 tandem
860 1445 1059 1487 dominus
1091 1459 1178 1494 rex,
1206 1459 1284 1499 pro
1316 1460 1404 1486 suae
1433 1444 1670 1486 voluntatis
1701 1444 1815 1486 arbi-

406 1513 505 1562 trio,
539 1513 705 1554 caeteris
748 1513 947 1554 omnibus
994 1512 1259 1568 pusillanimi
1303 1511 1477 1552 silentio
1524 1512 1811 1567 torpentibus,

407 1580 701 1622 ordinationes
752 1581 958 1636 quasdam
1002 1579 1177 1635 proprio
1227 1582 1351 1620 motu
1393 1582 1633 1635 conceptas,
1672 1579 1812 1635 redigi

405 1647 509 1689 fecit
552 1648 598 1688 in
639 1648 800 1703 scripta
831 1647 972 1703 sigillo
1004 1662 1080 1688 suo
1112 1647 1310 1702 signata;
1342 1646 1545 1688 videlicet
1576 1647 1627 1689 de
1659 1650 1813 1704 treuga

405 1715 593 1756 firmitus
625 1716 814 1756 tenenda
839 1715 959 1762 ,inter
989 1717 1134 1770 partes
1166 1714 1431 1763 dissidentes,
1462 1717 1507 1755 et
1536 1714 1652 1756 inter
1685 1715 1813 1757 comi-

406 1785 495 1823 tem
525 1786 568 1824 et
599 1783 867 1823 zulversarios
899 1796 1008 1831 suos,
1032 1796 1166 1836 usque
1198 1782 1254 1822 ad
1284 1781 1630 1836 purificationem
1663 1782 1812 1824 Beatae

405 1850 603 1905 Virginis
645 1850 843 1905 proxime
884 1849 1092 1900 futuram,
1135 1852 1179 1890 et
1223 1849 1274 1890 de
1317 1863 1396 1890 sua
1446 1848 1709 1904 profectione
1741 1851 1811 1892 vel

405 1918 686 1973 primogeniti
720 1918 786 1959 sui
818 1918 864 1958 in
886 1917 1144 1958 Vasconiam
1176 1917 1231 1957 ad
1264 1917 1378 1958 idem
1412 1920 1597 1972 tempus,
1619 1921 1671 1959 ut
1704 1920 1810 1960 tunc

407 2000 553 2027 omnes
604 1985 923 2035 controversiae,
976 1985 1067 2026 sive
1118 1985 1274 2033 litium,
1321 1985 1412 2026 sive
1464 1985 1687 2035 bellorum,
1732 2000 1810 2042 per

407 2053 595 2108 seipsum
626 2054 696 2093 vel
728 2067 806 2108 per
836 2067 962 2094 suum
984 2052 1335 2108 primogenitum,
1364 2052 1410 2092 in
1432 2053 1580 2094 eadem
1602 2056 1721 2094 terra
1744 2068 1809 2095 so-

407 2120 588 2174 piantur
605 2136 613 2170 3
648 2123 692 2161 et
722 2121 774 2160 de
805 2120 1114 2175 praemittendo
1147 2119 1343 2174 bajulum
1374 2120 1421 2160 in
1443 2120 1711 2171 Vasconiam,
1735 2122 1812 2177 qui

407 2187 501 2227 vice
548 2187 662 2242 regis
706 2187 885 2228 interim
936 2191 1053 2228 certa
1094 2188 1292 2242 quaedam
1344 2188 1520 2243 negotia
1561 2202 1725 2230 emersa
1767 2192 1810 2230 et

408 2268 625 2294 emersura
665 2253 827 2294 ibidem
870 2255 1084 2309 expediat,
1118 2258 1162 2296 et
1194 2255 1246 2296 de
1278 2255 1428 2296 castris
1460 2255 1730 2311 quibusdam,
1765 2260 1810 2297 et

409 2321 461 2361 de
503 2321 688 2376 captivis
729 2321 854 2361 tqu
901 2321 1192 2363 existentibus
1234 2322 1279 2362 in
1314 2337 1446 2364 manu
1478 2324 1647 2365 comitis
1689 2325 1811 2365 resti-

407 2388 581 2429 tuendis
622 2391 667 2428 et
708 2387 1007 2443 replegiandis,
1041 2392 1085 2429 et
1129 2389 1180 2429 de
1227 2389 1322 2429 aliis
1373 2390 1570 2444 pluribus
1621 2391 1807 2446 ineptiis,

406 2455 490 2495 nisi
528 2455 735 2495 divinitas
763 2455 1003 2504 subveniat,
1027 2455 1263 2510 plurimum
1291 2457 1529 2508 nocituris3
1557 2472 1634 2512 per
1666 2459 1812 2500 omnia

407 2522 756 2563 manifestissime
803 2523 869 2563 sui
912 2522 1303 2564 exhaeredationem
1341 2527 1385 2565 et
1420 2525 1542 2580 regni
1579 2525 1810 2568 infirmati-

408 2604 544 2640 onem,
599 2593 642 2630 et
694 2590 863 2630 comitis
911 2590 1213 2639 confusionem,
1264 2594 1307 2632 et
1348 2592 1497 2647 populi
1543 2594 1808 2648 perturbati-

408 2671 544 2708 onem,
578 2671 633 2698 ex
664 2657 879 2697 sententia
909 2658 1000 2698 sine
1034 2658 1348 2700 intermissione
1386 2674 1627 2714 procurans.

452 2841 460 2859 ¹
486 2841 742 2879 uecessarimwn,
761 2841 834 2873 MS.
1108 2840 1113 2885 Ι
1174 2843 1186 2861 '²
1203 2843 1284 2883 item,
1302 2843 1374 2874 MS.
