1905 3180
646 272 884 302 EPISTOLAE.
1377 262 1460 303 389

63 393 156 442 sibi,
180 394 230 433 ut
261 391 379 442 dicit,
403 406 492 433 non
524 393 799 434 mediocriter
829 394 1037 448 profuisse
1071 395 1216 444 sentit,
1245 395 1299 435 ad
1329 410 1461 435 reme-

63 460 184 500 dium
214 460 499 514 personaliter
532 461 747 509 accedens,
782 476 857 515 por
890 461 1152 502 Divinitatis
1183 463 1368 516 gratiam
1406 463 1461 502 ab

63 527 211 568 eodem
241 526 378 567 fratre
400 527 449 566 A.
473 527 727 568 inchoatum
759 528 938 568 medela}
958 529 1161 569 solatium
1186 530 1461 584 propensicwc

60 592 274 649 percipere
317 594 462 634 valeat
515 593 662 634 officio.
746 595 938 635 Locutus
983 610 1077 635 sum
1135 596 1317 637 Oxonizc
1365 611 1461 637 cum

60 660 298 702 venerabili
328 664 452 715 patre
497 660 672 701 domino
718 660 1018 716 Norwycensi¹
1054 677 1079 702 a
1111 663 1462 717 peregrinatione

61 741 136 768 sua
158 742 339 776 reverso,
357 728 403 768 in
424 728 612 769 crastino
635 727 927 769 solemnitatis
949 729 1090 770 beatae
1114 729 1265 770 Maria}
1285 729 1463 784 Magda-

60 794 178 836 lenae.
243 794 299 835 In
330 794 452 850 cujus
484 795 653 850 spiritu,
677 795 789 836 sicut
820 796 960 845 video,
995 796 1262 851 dispensatio
1287 796 1462 847 Divina,

60 861 117 903 sit
158 862 401 903 benedictio
444 862 528 903 Dei
573 862 695 913 Filio,
743 863 1013 904 aemulationi
1056 867 1214 904 vestra)
1256 878 1463 918 magnum

59 929 229 983 aperuit
261 929 421 970 ostium
448 929 505 970 ad
536 929 825 985 ingerendum
848 931 1065 972 divinitus
1100 931 1341 971 Altissimae
1372 931 1464 972 Ma-

54 995 228 1051 jestatis
264 996 468 1038 timorem
509 997 677 1052 pariter
725 1000 770 1038 et
807 1012 1009 1039 amorem.
1071 997 1174 1039 Non
1214 998 1462 1053 pigritetur,

60 1063 242 1114 obsecro,
276 1063 414 1105 fidelis
446 1064 651 1106 amicitiae
683 1065 968 1114 necessitudo,
1002 1069 1132 1120 prout
1154 1066 1324 1106 coelitus
1355 1080 1464 1120 prze-

59 1130 249 1171 stabitur
281 1131 601 1186 opportunitas,
644 1131 837 1186 impletis
882 1132 1219 1187 dispensationis
1266 1147 1462 1187 superna}

60 1197 298 1247 sudoribus,
332 1198 658 1239 desiderabilem
698 1199 864 1239 reditus
903 1200 1028 1240 nobis
1074 1200 1211 1240 vestri
1242 1203 1463 1240 maturare

58 1264 268 1306 laetitiam.
362 1264 520 1306 Valeat
561 1268 720 1306 vestrae
764 1266 1012 1307 dilectionis
1066 1266 1346 1308 incolumitas
1390 1281 1464 1321 op—

61 1331 209 1373 tabilis
241 1333 289 1373 in
323 1331 509 1374 Christo.

118 1402 223 1443 Non
251 1402 396 1458 pigeat
417 1402 544 1445 factae
573 1403 689 1458 preci
711 1417 880 1458 precem
913 1403 1140 1454 inculcare,
1173 1405 1223 1443 ut
1252 1403 1299 1442 in
1336 1417 1464 1444 causa

60 1469 236 1526 pietatis
290 1470 407 1525 piam
455 1470 650 1511 litteram
696 1469 876 1525 praefato
930 1470 1054 1511 fra-tri
1111 1470 1220 1510 Adae
1281 1470 1464 1511 scribere

61 1536 315 1591 dignemini,
368 1551 445 1592 per
489 1552 619 1592 quam
662 1538 718 1578 ad
763 1538 998 1593 benignam
1045 1537 1294 1578 sedulitatis
1339 1551 1462 1592 opem

61 1604 283 1646 excitetur.

660 1802 889 1844 CCXXII.

63 1947 396 1990 Amantissimo
437 1948 581 2003 patri,
633 1947 792 1989 Fratrb
843 1947 881 1989 J
880 1945 1054 1988 olu‘mnt'
1107 1946 1159 1987 cle
1226 1944 1460 1999 stanford,

182 2015 369 2058 Custodi
392 2015 586 2066 Omonioe,
610 2016 771 2057 Frater
790 2014 899 2056 Ada
920 2013 1125 2056 caritatis
1145 2012 1464 2068 impendentis&

180 2082 335 2133 vitam,
359 2098 463 2125 cam
493 2083 590 2126 vita
621 2081 978 2137 contemplcmdce
1010 2080 1223 2123 veritatis.

125 2216 254 2258 Libet
284 2216 442 2266 littera,
468 2217 584 2271 quod
614 2215 786 2270 loquela
816 2229 905 2256 non
938 2215 1050 2265 licet,
1083 2217 1276 2269 paternae
1307 2214 1461 2268 pietati

67 2283 330 2338 parvitatem
371 2284 550 2325 filialem
582 2283 873 2338 qualicunque
909 2282 1179 2323 famulativae
1217 2281 1462 2322 devotionis

67 2351 223 2392 affectu
253 2354 521 2406 praesentare.
608 2350 753 2405 Igitur
802 2350 889 2391 fere
932 2350 1223 2404 interceptum
1260 2349 1461 2403 spiritum

67 2418 210 2460 anheli
240 2419 423 2473 pectoris
465 2419 545 2460 sub
593 2417 862 2473 importabili
908 2417 1077 2458 sarcina
1119 2417 1463 2457 sollicitudinum

71 2486 421 2540 opprimentium,
455 2486 559 2541 quia
601 2500 691 2526 non
727 2486 861 2534 valeo,
911 2499 1002 2525 non
1044 2483 1266 2539 patefacio
1329 2483 1463 2524 Porro

70 2552 187 2593 cordi
228 2554 359 2594 toties
402 2553 755 2594 transverberato
798 2552 925 2592 affert
955 2566 1043 2592 non
1086 2551 1303 2591 modicum
1346 2550 1464 2591 leva·-

71 2618 199 2660 minis
229 2621 467 2661 remedium
504 2621 745 2661 insinuasse
781 2619 964 2669 silentio,
999 2619 1116 2673 quod
1163 2618 1333 2671 eloquio
1374 2631 1464 2657 non

140 2843 149 2861 ¹
173 2842 300 2875 Walter
317 2844 356 2875 de
374 2843 535 2883 Suthfeld,
553 2842 632 2875 alias
650 2842 806 2882 Calthorp
823 2854 830 2880 3
860 2841 982 2872 elected
1002 2843 1096 2875 1244,
1113 2840 1177 2870 and
1194 2838 1268 2871 died
1288 2841 1380 2869 1257.

1480 739 1556 771 Jan.
1576 741 1665 773 QOth.

1480 2224 1566 2265 Begs
1582 2228 1615 2255 to
1631 2234 1683 2255 see

1479 2268 1558 2299 him.
1601 2268 1684 2299 Pro-

1479 2321 1572 2352 poses
1588 2316 1622 2343 to

1480 2356 1577 2386 retire
1593 2360 1627 2386 to

1480 2398 1642 2439 Reading.
