1905 3180
217 1806 357 1838 Recom-

217 1851 332 1882 mends
348 1855 381 1882 to

217 1894 285 1924 him
302 1895 339 1926 P.
355 1895 395 1926 de

216 1938 366 1979 Kyllum,

216 1982 391 2022 appointed

216 2031 250 2056 to
266 2026 321 2057 the

218 2069 352 2101 Church
368 2070 406 2102 of

219 2112 265 2144 St.
284 2114 395 2155 Mai-y,

218 2156 354 2191 Oxford.

449 263 534 304 258
923 266 1028 300 ADAE
1060 267 1122 299 DE
1152 265 1351 299 MAmsco

445 392 751 449 multiplicium
813 393 1167 447 argumentorum
1230 389 1400 432 indiciis
1456 390 1686 447 benignius
1737 389 1849 432 affici

445 460 712 517 frequentius
790 459 998 515 experior,
1069 472 1142 499 oro
1222 458 1461 500 satisfaciat
1538 458 1847 500 munificentiae

446 529 630 572 coelestis
666 527 1005 584 super-benevola
1040 525 1279 568 retributio.
1343 526 1415 567 Ad
1448 526 1703 568 instantiam
1749 541 1847 582 sup-

443 598 598 654 plicem
653 596 849 652 magistri
901 594 1084 637 Walteri
1128 593 1321 649 Gyffard,
1364 595 1459 644 viri,
1514 597 1565 637 ut
1606 609 1710 644 reor,
1765 595 1848 635 dis-

441 664 622 708 cretioni
672 667 827 706 vestrae
877 677 965 705 non
1028 662 1250 718 incogniti,
1294 666 1550 718 praesentem
1606 661 1849 718 prudentiae

441 737 596 776 vestree
636 732 830 774 consensi
878 731 1062 786 dirigere
1103 730 1368 786 petitionem,
1407 744 1563 786 rogans
1604 730 1843 780 affectuose,

442 804 653 856 quatenus
690 799 828 842 eidem
864 799 910 840 in
943 798 1117 855 negotio
1150 812 1239 850 suo,
1264 798 1397 848 vobis,
1435 801 1486 840 ut
1518 797 1728 849 intellexi,
1771 813 1847 853 per

440 870 573 925 ipsius
603 869 793 910 litteram
825 867 991 923 plenius
1023 866 1289 922 exponendo,
1318 870 1529 922 quatenus
1560 880 1637 907 nec
1669 865 1849 907 offendi-

440 942 513 979 tur
543 937 702 979 veritas
738 950 815 977 nec
841 935 1016 990 justitia
1054 935 1274 987 deseritur,
1320 935 1395 976 sed
1428 937 1471 976 et
1501 934 1654 975 honori
1684 934 1846 989 prospi-

440 1006 551 1047 citur
598 1008 642 1046 et
683 1004 919 1046 consulitur
959 1002 1156 1055 utilitati,
1182 1003 1385 1059 ‘petitam
1434 1001 1595 1045 favoris
1646 1001 1847 1043 benevoli

439 1073 624 1128 gratiam
656 1072 870 1128 impartiri
902 1086 989 1113 non
1021 1072 1187 1113 ducatis
1223 1071 1464 1126 indignum.

499 1141 653 1183 Valeat
700 1140 941 1183 dilectionis
972 1143 1140 1199 *vestrae
1173 1139 1362 1195 benigna
1393 1138 1584 1180 suavitas
1622 1137 1668 1178 in
1702 1136 1845 1180 Chris-

442 1212 498 1258 to,
533 1211 608 1250 etc.

1037 1405 1243 1448 CXXXI.

441 1531 717 1574 Honorabili
746 1530 857 1582 virro,
880 1530 1065 1573 domino
1093 1530 1139 1573 J.
1176 1530 1384 1583 M‹msell‚
1407 1531 1658 1586 Prcoeposito
1691 1531 1846 1573 Bavar-

558 1599 697 1652 Ῑασίαε,
716 1599 878 1642 Frater
897 1599 1007 1641 Adeo
1037 1598 1238 1649 salutem,
1262 1603 1299 1641 et
1321 1603 1422 1656 post
1446 1612 1606 1656 pacem
1634 1598 1846 1656 {emporis

553 1667 752 1723 (storiam
783 1666 1078 1712 ceterorffatia¹

500 1793 596 1835 Etsi
636 1794 750 1836 inter
791 1797 880 1835 tam
922 1794 1043 1835 varia
1083 1792 1209 1834 aulici
1261 1792 1419 1833 laboris
1461 1792 1634 1848 negotia
1687 1792 1844 1834 claram

439 1865 595 1904 vestrae
636 1862 877 1904 serenitatis
919 1861 1176 1902 industriam
1214 1861 1423 1916 vigilante
1460 1860 1689 1916 vigilantia
1725 1861 1846 1903 desu-

439 1930 540 1972 dare
592 1930 869 1982 considerem,
933 1933 1081 1971 tamen
1144 1927 1393 1984 expeditae2
1445 1928 1847 1984 circumspectionis

438 1997 590 2039 inolita
623 1997 879 2053 benignitas1
924 1998 1039 2053 apud
1072 2000 1261 2039 vestram
1314 1996 1606 2052 spectabiliter
1652 1997 1844 2039 residens

439 2065 730 2116 eminentiam,
772 2065 1008 2107 haerentem
1050 2065 1261 2106 calamum
1303 2065 1357 2106 ad
1403 2068 1658 2120 praesentem
1700 2065 1845 2120 petiti-

438 2134 639 2174 unculam
672 2133 893 2175 animavit.
958 2132 1101 2188 Igitur
1141 2147 1218 2188 pro
1261 2132 1435 2174 domino
1467 2131 1512 2174 P.
1547 2132 1599 2173 cle
1626 2131 1843 2188 Kyllum‚³

438 2201 574 2241 latore
625 2201 912 2256 praesentium,
966 2215 1092 2255 quem
1137 2202 1191 2242 ad
1234 2200 1425 2255 regimen
1469 2200 1653 2242 ecclesiae
1696 2200 1843 2242 Beatae

439 2268 632 2323 Virginis
664 2267 846 2309 Oxoniae
877 2269 929 2309 de
979 2271 1136 2310 vestrae
1186 2269 1373 2324 pietatis,
1417 2270 1468 2309 ut
1518 2282 1623 2319 reor,
1657 2281 1841 2319 assensu,

440 2336 593 2391 regalis
634 2335 888 2376 excellentia
925 2335 978 2377 ob
1023 2333 1260 2378 Salvatoris
1302 2335 1710 2390 contemplationem
1761 2335 1841 2376 sal-

440 2403 594 2444 vandis
625 2403 850 2444 animabus
882 2407 1139 2459 przesentare
1171 2403 1351 2455 curavit,
1396 2406 1585 2445 vestram
1617 2402 1840 2444 humiliter

440 2485 543 2525 rogo
585 2470 866 2519 clementiam,
904 2475 1116 2526 quatenus
1159 2472 1322 2513 (lictum
1363 2475 1582 2520 rectorem,
1625 2471 1679 2511 ad
1731 2485 1838 2526 prze-

439 2538 620 2580 sentiam
657 2538 820 2579 domini
854 2539 964 2594 regis
997 2540 1278 2591 accedentem,
1313 2538 1608 2580 favorabiliter
1628 2539 1838 2594 suscipere

439 2609 482 2648 et
510 2605 743 2648 consultius
772 2606 984 2663 expedire,
1016 2606 1052 2650 si
1082 2611 1226 2651 vestro
1258 2607 1415 2650 sederit
1445 2606 1723 2663 beneplacito,
1747 2620 1835 2649 non

484 2815 492 2833 ¹
512 2812 572 2845 See
589 2813 692 2854 Epist.
711 2813 820 2846 CXII.
1130 2815 1143 2901 Ι
1208 2815 1220 2833 ²³
1237 2815 1298 2849 See
1316 2814 1419 2856 Epist.
1440 2814 1482 2847 X.
1501 2815 1530 2847 &
1549 2814 1585 2848 C.

483 2867 496 2884 2
519 2864 675 2907 expedire,
692 2865 764 2898 MS.
783 2876 849 2899 cor.
1338 2892 1341 2894 ,
