1905 3180
218 1670 308 1712 Aug.
329 1671 414 1704 14th.

218 2560 304 2601 Sept.
326 2561 410 2592 15th.

445 260 528 300 158
925 265 1030 296 ΑΜΕ
1064 264 1124 295 DE
1155 262 1351 295 MAmsco

439 384 685 427 sanctitudo
738 386 782 424 et
816 382 1045 437 inspiratio
1086 380 1367 436 prophetica?
1416 379 1531 431 Quid
1564 378 1677 420 enim
1719 377 1839 419 aliud

440 454 484 493 in
528 452 729 495 universo
771 464 901 506 regno
943 449 1138 490 caritatis
1180 449 1234 489 ad
1277 451 1366 489 tam
1404 447 1638 488 horrendas
1678 445 1839 501 princi·

438 536 542 577 pum
586 520 844 574 majestates,
878 518 932 558 ad
965 520 1054 558 tam
1088 516 1307 572 pavendos
1348 515 1581 571 prfesidum
1613 514 1839 569 magistra-

438 593 520 638 tus,
556 592 698 630 totum
730 601 910 642 regnum
941 584 1194 640 cupiditatis
1223 587 1344 625 tanta
1375 586 1510 625 tantae
1537 581 1840 624 diuturnitatis

438 657 678 713 pervicacia
708 655 1000 710 constipantes
1025 667 1111 693 non
1137 652 1331 693 resiliret.
1396 650 1432 692 O
1457 665 1586 706 quam
1615 648 1838 698 mirabilis,

440 726 476 768 O
511 739 639 780 quam
684 722 941 779 spectabilis,
983 721 1018 762 O
1058 735 1187 775 quam
1220 719 1419 761 amabilis
1460 718 1626 759 fructus
1666 717 1838 768 laboris,

437 809 514 849 per
545 807 671 848 quem
704 792 805 833 licet
835 790 1148 831 obsistentibus
1184 788 1337 829 mundi
1373 787 1559 843 peccatis
1589 786 1840 841 principalis

438 862 493 903 ad
527 861 658 902 breve
691 864 860 914 tempus
894 859 1126 899 frustretur
1161 857 1360 907 intentio,
1406 859 1554 896 tamen
1588 855 1633 894 in
1669 857 1840 909 tempus

439 944 564 971 omne
596 932 832 970 castrorum
860 926 1174 967 dominicorum
1207 923 1619 980 propugnatoribus,
1652 921 1840 977 diruptis

438 996 635 1052 capitalis
683 994 994 1050 oppugnantia]
1027 993 1296 1041 resistentiis,
1340 990 1617 1046 triumphalis
1649 1003 1840 1045 egressus

437 1063 678 1106 incunctati
709 1062 871 1117 vigoris
910 1062 1137 1116 levigatur.
1213 1059 1282 1100 Sit
1318 1073 1476 1100 nomen
1510 1058 1688 1098 Domini
1721 1071 1841 1098 exer-

438 1133 616 1179 cituum,
664 1131 746 1171 Dei
792 1129 937 1177 Israel,
984 1128 1261 1170 benedictum
1306 1128 1351 1167 in
1398 1126 1565 1168 saecula.
1649 1125 1840 1167 Accessit

438 1200 656 1242 mentibus
701 1199 823 1253 quasi
865 1197 916 1238 de
954 1210 1102 1237 somno
1147 1195 1270 1251 gravi
1315 1193 1625 1249 evigilantibus
1668 1193 1722 1234 ad
1767 1207 1838 1234 ex-

438 1268 585 1308 imiam
617 1266 762 1321 gaudii
799 1265 1073 1309 suavitatem,
1109 1278 1185 1319 per
1222 1262 1419 1303 divinum
1452 1261 1670 1312 ducatum,
1705 1261 1840 1302 vestri

438 1349 653 1390 regressus
700 1334 921 1374 insinuata
967 1332 1265 1387 prosper‘Itas3
1316 1333 1367 1370 ut
1411 1329 1507 1370 fieri
1554 1329 1672 1370 valet
1724 1329 1841 1369 inter

439 1406 575 1444 tetras
628 1401 838 1442 atrocium
892 1399 1175 1455 procellarum
1225 1398 1440 1453 caligines,
1486 1397 1533 1437 in
1586 1397 1840 1452 perurgenti

440 1470 584 1513 saeculi
626 1469 849 1524 pereuntis
896 1468 1074 1512 excidio,
1124 1481 1251 1521 super
1293 1466 1462 1520 quibus,
1508 1465 1650 1506 nescio
1698 1478 1839 1519 quare,

440 1538 551 1580 nihil
595 1537 702 1578 mihi
745 1535 985 1592 signaverit
1029 1535 1237 1576 hactenus
1278 1533 1525 1574 sanctitatis
1572 1535 1728 1574 vestrae
1761 1532 1842 1575 cle-

442 1606 710 1647 mentissima
743 1604 946 1660 dignatio.

503 1674 662 1729 Scripsi
715 1671 1000 1713 dominationi
1044 1673 1200 1711 vestrfe
1242 1670 1288 1713 in
1329 1668 1481 1724 vigilia
1538 1667 1843 1723 assumptionis

441 1742 633 1783 litteram
681 1755 757 1795 per
789 1740 985 1780 Fratrem
1028 1737 1306 1792 Radulphum
1350 1736 1619 1785 monachum,
1654 1736 1844 1791 paterni-

442 1810 528 1850 tati
575 1812 733 1850 vestrae
778 1807 1051 1850 destinatam,
1086 1804 1233 1846 dolens
1264 1804 1499 1859 plurimum
1544 1803 1659 1858 quod
1705 1804 1843 1859 ipsam

442 1878 553 1919 sicut
598 1875 795 1917 intellexi
834 1874 1028 1915 celeriter
1059 1887 1145 1913 non
1177 1872 1440 1927 acceperitis.
1509 1871 1843 1913 Amantissimos

443 1946 614 1987 Fratres
650 1942 886 1984 Arnulfum
929 1945 973 1982 et
1019 1940 1261 1981 Arnaldum
1303 1940 1453 1980 missos
1485 1954 1510 1980 a
1552 1939 1705 1980 Fratre
1750 1939 1846 1979 Hu-

441 2027 552 2068 gone
595 2013 646 2053 de
690 2011 844 2051 Barioc
881 2008 1151 2051 excellentiae
1192 2010 1360 2057 vem-ze,
1404 2011 1447 2048 et
1488 2021 1595 2049 meae
1641 2007 1842 2056 exilitati,

443 2095 538 2122 cum
584 2079 744 2120 litteris
776 2081 820 2119 et
867 2075 1086 2118 clenodiis¹
1132 2075 1357 2117 dulcedine
1399 2074 1580 2125 refertiS,
1626 2075 1842 2130 suscipiat,

464 2150 600 2196 eneat,
644 2150 688 2187 et
734 2145 943 2195 dimittat,
986 2147 1037 2184 ut
1083 2143 1255 2184 noverit
1303 2146 1348 2184 et
1389 2143 1575 2184 voluerit
1628 2147 1843 2185 consuetae

441 2213 719 2256 liberalitatis
781 2216 938 2253 vestrze
990 2211 1240 2252 indeficiens
1287 2210 1522 2252 affluentia.
1601 2211 1842 2252 Rescribite

441 2283 549 2323 mihi
581 2282 617 2322 si
649 2281 788 2336 placet
821 2280 991 2321 obsecro
1023 2279 1099 2320 ubi
1132 2282 1176 2320 et
1205 2279 1379 2333 quando
1411 2277 1589 2320 debeam
1621 2278 1746 2319 vobis
1777 2293 1843 2320 oc-

442 2364 619 2398 currere,
654 2363 750 2390 cum
784 2347 988 2403 Angliam
1022 2346 1257 2387 divinitate
1289 2346 1480 2401 propitia
1524 2346 1757 2395 intrabitis,
1792 2350 1843 2387 ut

442 2417 780 2460 detinenti-arum
812 2414 1168 2469 importunitates
1204 2413 1259 2454 ad
1291 2413 1371 2454 1100
1402 2428 1455 2455 ex
1498 2427 1547 2455 eo
1579 2414 1843 2455 commodius

443 2485 658 2541 explicare
689 2483 868 2525 valeam.

500 2554 656 2594 Valeat
697 2549 1060 2592 desideratissima
1102 2551 1259 2590 vestrae
1291 2548 1577 2589 beatitudinis
1620 2548 1844 2590 incolumi-

440 2625 508 2663 tas
540 2622 585 2661 in
618 2619 790 2662 Christo
832 2632 998 2672 semper
1035 2619 1079 2657 et
1123 2616 1370 2657 beatissima
1407 2615 1598 2670 Virgine.
1677 2616 1842 2659 Datum

442 2689 691 2730 Bukedenae
722 2687 768 2727 in
800 2685 964 2728 octavis
995 2684 1247 2725 nativitatis
1280 2683 1427 2725 Beatae
1459 2683 1664 2739 Virginis.

1085 2867 1093 2887 ¹
1118 2865 1182 2899 Sic.
