1905 3180
239 907 448 940 Foundatiou

242 952 281 983 of
292 953 378 984 their

241 996 374 1029 church.

471 233 555 272 508
964 241 1106 273 PRIMA
1138 242 1371 274 FUNDATIO

1136 588 1197 629 ΙΙ.

565 726 734 770 Prima
764 727 1002 770 Fzmclcctio
1033 726 1240 770 Ecclesice
1272 726 1497 770 Fratrum
1527 727 1773 771 Minoi-um

1024 794 1295 837 Londoniis.

525 909 742 952 INPRIMIS
779 912 996 967 capellam,
1032 926 1127 966 quae
1158 912 1435 967 postmodum
1466 911 1581 953 facta
1611 916 1676 954 est
1707 927 1862 968 magna

465 992 563 1033 pars
595 978 722 1027 chori,
766 980 1011 1020 construxit
1058 980 1118 1020 eis
1151 979 1350 1020 dominus
1383 978 1645 1020 Willielmus
1678 979 1856 1035 Joyner,

465 1049 509 1087 et
540 1046 596 1086 ad
626 1046 733 1086 alias
777 1046 926 1087 domos
973 1046 1282 1087 construendas
1315 1046 1496 1087 donavit
1527 1061 1604 1101 per
1634 1046 1751 1089 vices
1785 1062 1857 1089 ex-

462 1127 691 1168 pensarum
725 1128 779 1154 cc.
811 1114 943 1154 libras
975 1114 1292 1169 sterlingorum.

520 1180 564 1220 N
567 1181 685 1221 avim
731 1180 918 1222 ecclesiae
961 1181 1205 1222 constrmzit
1243 1180 1412 1236 magnis
1443 1180 1690 1236 sumptibus
1722 1182 1856 1223 domi-

457 1262 538 1288 nus
572 1248 786 1289 Henricus
816 1249 867 1289 de
899 1248 1030 1298 Galis,
1053 1248 1191 1289 maior
1213 1247 1450 1289 Londoniae
1469 1246 1495 1298 3¹
1530 1251 1574 1289 et
1595 1262 1672 1303 per
1696 1249 1854 1291 multos

455 1329 589 1356 annos
619 1315 825 1365 redditus,
861 1330 966 1370 quos
996 1315 1149 1356 fratres
1186 1315 1411 1356 solvebant
1444 1315 1624 1356 diversis
1657 1315 1853 1359 domibus

454 1383 697 1436 aliquorum
718 1383 1028 1438 religiosorum,
1051 1382 1249 1432 redemit,
1273 1386 1316 1423 et
1338 1382 1493 1423 fratres
1525 1382 1578 1423 de
1598 1382 1684 1422 illis
1714 1384 1852 1425 reddi-

454 1450 572 1490 tibus
617 1450 893 1500 deoneravit3
946 1450 1067 1504 cujus
1110 1449 1318 1491 memoria
1347 1449 1394 1489 in
1445 1448 1746 1491 benedictione
1796 1451 1852 1493 sit

455 1520 628 1558 aeterna.
662 1517 814 1558 Amen.

515 1584 768 1639 Capitulum
814 1584 874 1625 eis
907 1583 1150 1624 construxit
1196 1583 1397 1624 dominus
1429 1582 1649 1624 VValterus
1680 1583 1720 1625 le
1750 1584 1850 1627 Pot-

453 1654 529 1700 ter,
563 1651 669 1691 civis
701 1655 744 1691 et
776 1651 1048 1692 aldermanus
1083 1651 1330 1699 Londoniae‚
1355 1654 1399 1691 et
1431 1650 1577 1691 omnia
1606 1664 1712 1692 vasa
1742 1666 1849 1693 aerea

451 1732 528 1773 pro
590 1718 783 1772 coquina,
848 1717 1095 1768 infirmaria,
1142 1722 1186 1758 et
1233 1717 1328 1758 aliis
1384 1716 1564 1758 officinis
1615 1719 1848 1760 necessaria

451 1785 583 1826 etiam
617 1785 806 1825 donavit.

510 1852 787 1893 Vestibulum
834 1855 1130 1893 constructum
1173 1854 1237 1893 est
1285 1852 1337 1893 de
1380 1851 1506 1892 bonis
1549 1851 1846 1894 communibus

449 1919 743 1974 eleemosynis,
774 1933 858 1970 sc.;
911 1918 1048 1960 frater
1079 1919 1267 1960 Thomas
1313 1918 1514 1960 Feltham
1565 1918 1684 1960 istud
1734 1919 1846 1961 elon-

447 1987 570 2042 gavit
617 1991 660 2028 et
703 1986 1004 2041 multipliciter
1035 1986 1266 2027 adornavit
1297 1986 1503 2035 armariis,
1536 1989 1629 2026 tam
1669 1986 1844 2027 inferius

449 2069 579 2109 quam
630 2054 835 2109 superius,
885 2057 929 2094 et
980 2054 1274 2108 aquaductum
1306 2054 1358 2094 de
1400 2052 1564 2108 piscina
1609 2053 1843 2095 communis

447 2121 647 2162 lavatorii
692 2121 801 2161 illud
832 2121 1045 2171 adduxit;
1099 2121 1181 2175 [et]
1214 2120 1354 2161 multa
1397 2119 1526 2160 utilia
1577 2119 1708 2174 fl[]is]
1749 2134 1842 2176 pro-

448 2189 628 2230 curavit.

508 2256 823 2297 Dormitorium
856 2259 1009 2304 totum,
1034 2270 1133 2296 cum
1165 2254 1288 2295 lectis
1310 2257 1354 2295 et
1376 2253 1554 2295 cameris
1585 2253 1839 2304 necessariis,

445 2323 690 2365 construxit
723 2322 922 2363 dominus
955 2322 1187 2377 Gregorius
1220 2322 1271 2362 de
1304 2320 1538 2376 Rokysley,
1565 2320 1702 2362 maior
1733 2321 1841 2362 Lon-

446 2391 594 2432 donive.

505 2457 796 2499 Refectorium
850 2456 1094 2497 construxit
1147 2455 1347 2497 dominus
1401 2453 1745 2513 Bartholomaeus
1788 2454 1838 2495 de

447 2525 612 2575 Castro,
645 2525 751 2565 civis
784 2523 1049 2573 Londom’ae3
1082 2526 1126 2564 et
1157 2523 1282 2578 pavit
1314 2535 1482 2576 semper
1521 2520 1675 2562 fratres
1696 2521 1743 2562 in
1772 2520 1838 2563 die

445 2593 582 2633 sancti
615 2590 932 2632 Bartholomaei.

505 2659 676 2700 Altaria
716 2672 828 2706 vero,
875 2671 972 2711 quae
1013 2671 1056 2698 se
1098 2656 1342 2698 extendunt
1387 2655 1433 2696 in
1473 2654 1652 2710 longum
1691 2666 1835 2696 versus

444 2730 650 2775 austrum,
709 2728 954 2766 constructa
994 2724 1170 2765 fuerunt
1213 2724 1264 2764 de
1307 2722 1489 2764 diversis
1541 2720 1834 2763 communibus

1017 2877 1024 2895 ¹
1052 2876 1112 2908 See
1128 2886 1158 2917 p.
1181 2879 1253 2908 501.
