1905 3180
638 245 877 276 EPISTOLAE.
1370 239 1457 281 403

59 367 81 398 ‘.·
113 358 278 408 Beati?
307 359 521 413 inquiens,
558 364 578 380 “
601 359 908 410 misericordes,
940 360 1145 415 quoniam
1178 361 1261 416 ipsi
1292 362 1458 404 miseri-

60 433 82 450 “
114 427 304 469 cordiam
329 427 684 481 consequentur.”
746 428 867 483 Rogo
895 429 1033 483 igitur
1060 429 1293 483 benignam
1323 430 1456 471 inter-

55 494 275 536 ventionis
325 496 483 535 vestrae
534 494 851 543 strenuitatem,
904 498 956 535 ut
1005 496 1190 536 eundem
1251 496 1451 537 clericum

56 561 264 616 magistro
296 561 487 602 Roberto
517 561 570 601 de
600 561 688 602 Sta.
711 561 899 616 Agatha,
929 563 1000 602 vel
1029 563 1237 617 magistro
1270 563 1451 617 Rogem,

57 628 127 669 vel
158 627 367 683 magistro
393 627 618 677 Nicholao‚
641 628 711 669 vel
743 628 1002 682 quibusdam
1031 643 1189 677 eorum,
1212 630 1283 670 vel
1316 631 1454 670 omni-

55 695 147 746 bus,
169 695 262 736 vice
284 695 418 737 vestri
444 698 489 736 et
516 696 603 736 mei
631 696 976 737 recommendare
1004 695 1152 736 velitis
1177 696 1224 736 in
1246 696 1448 745 Domino,

53 762 124 804 vel
155 762 283 803 alicui
304 761 389 811 alii,
425 761 537 803 sicut
572 762 776 817 expedire
817 762 1078 810 censueritis,
1101 765 1152 802 ut
1183 762 1230 802 in
1261 763 1447 818 negotiis

55 828 140 870 suis
172 829 451 884 expediendis
481 829 526 870 in
559 829 678 870 curia
707 829 871 870 domini
904 829 1139 870 Lincolniae
1161 829 1359 870 benevoli
1391 830 1452 870 fa—

52 895 167 937 voris
208 896 509 951 opportunitas
539 897 775 938 secundum
818 896 1056 937 Dominum
1088 899 1133 937 et
1178 896 1225 936 in
1257 896 1445 938 Domino

53 962 266 1004 maturius
318 962 587 1014 exhibeatur,
636 964 768 1006 etiam
815 977 891 1018 pro
932 963 1025 1018 ipso
1066 963 1184 1018 apud
1225 963 1450 1004 dominum

52 1029 391 1071 intervenientes
414 1033 466 1071 ut
494 1031 683 1084 aliquam
705 1031 988 1085 eleemosynae
1016 1045 1105 1072 suae
1130 1031 1449 1085 portiunculam

51 1096 348 1152 pauperrimus
378 1097 597 1152 percipiat,
620 1098 721 1138 licet
746 1098 850 1138 alias
881 1097 998 1138 idem
1030 1097 1229 1138 dominus
1261 1097 1327 1138 sui
1355 1112 1450 1152 gra-

51 1164 114 1205 tia
144 1164 198 1205 de
233 1167 473 1206 memorata
504 1165 776 1218 eleemosyna
807 1179 884 1205 sua
914 1165 978 1205 illi
1009 1163 1158 1205 fecerit
1188 1164 1427 1205 subvenire.

606 1336 893 1379 CCXXXIX.

51 1459 443 1502 Desiderantissimo
467 1461 611 1516 patri,
643 1461 803 1503 Fratri
828 1462 895 1513 R,
927 1460 1044 1503 <licto
1072 1462 1126 1502 M
1127 1460 1303 1510 onacho,
1338 1459 1449 1502 Fra-

539 1533 604 1570 ter
631 1528 740 1571 Acla
770 1529 971 1570 salutem.

110 1628 194 1669 Pro
238 1628 414 1670 domina
455 1629 661 1684 priorissa
705 1629 757 1670 de
805 1629 1003 1678 Beletun,
1037 1631 1082 1669 et
1129 1628 1322 1683 ejusdem
1366 1627 1447 1669 loci
1466 1636 1533 1686 1³03·
1548 1636 1603 1668 the

0 1687 1 1693 ¹
50 1696 288 1756 yenerabili
330 1696 508 1751 collegio
545 1697 780 1752 virginum,
815 1696 994 1737 memini
1035 1711 1104 1737 me
1145 1710 1283 1751 nuper
1319 1695 1448 1750 scrip-
1466 1681 1642 1755 ξζὲοξξζὶε

51 1763 151 1822 sisse
180 1763 355 1804 domino
382 1763 629 1814 Lincolniae‚
656 1767 700 1804 et
726 1764 900 1804 domino
929 1763 1229 1804 archidiacono
1253 1763 1448 1814 Oxoniae,
1466 1768 1504 1798 of
1521 1768 1649 1800 Belton·

52 1833 95 1872 et
131 1830 306 1871 domino
340 1830 640 1872 archidiacono
676 1831 948 1885 Leycestriae‚
982 1833 1026 1871 et
1058 1830 1194 1880 vobis,
1230 1830 1291 1869 mi
1322 1830 1450 1870 caris-

0 1919 1 1941 }
51 1897 165 1939 sime.
248 1897 503 1939 Memoratae
549 1901 695 1938 autem
742 1897 951 1938 moniales
994 1897 1273 1951 interpositas
1319 1911 1346 1937 a
1380 1910 1449 1937 me

0 1962 1 1971 ¹
51 1979 127 2020 pro
158 1964 262 2020 ipsis
292 1964 589 2020 hujuscemodi
625 1965 867 2020 petitiones,
912 1978 989 2019 per
1031 1978 1154 2005 suam
1198 1963 1449 2018 simplicita-

0 2023 2 2032 '
53 2034 152 2090 tem,
185 2035 237 2073 ut
268 2046 374 2082 reor,
419 2032 655 2074 secundum
695 2031 1001 2073 rationabilem
1045 2045 1190 2072 rerum
1220 2031 1449 2071 necessari-

54 2112 175 2140 arum
206 2099 535 2153 requisitionem
576 2114 851 2153 nequaquam
892 2102 943 2139 ut
984 2098 1179 2153 oportuit
1220 2100 1322 2138 sunt
1353 2111 1448 2152 pro-

4 2174 5 2180 ’
55 2169 220 2209 secutae.
289 2166 477 2208 Proinde
525 2181 612 2208 non
655 2167 775 2222 piget
818 2166 978 2207 iterato
1022 2165 1255 2206 earundem
1298 2178 1448 2205 causas

5 2267 7 2278 s
54 2232 188 2283 vobis,
210 2234 245 2274 si
265 2234 419 2289 placet,
442 2233 547 2275 viva
567 2248 670 2274 voce
699 2233 988 2288 exponendas,
1011 2232 1330 2286 circumspectae
1355 2245 1449 2272 ves-

6 2289 7 2294 *
54 2302 134 2351 trae
160 2301 432 2341 strenuitatis
458 2301 684 2342 industriae
716 2300 761 2340 in
788 2300 961 2342 Christo
991 2298 1344 2347 recommendare,
1370 2311 1447 2352 pro

7 2402 8 2405 ,
56 2367 211 2426 quibus
257 2368 336 2408 sub
374 2371 539 2423 quanta
584 2382 756 2423 possum
801 2367 1026 2408 affectione
1070 2366 1286 2406 instanter
1331 2379 1447 2419 rogo,

55 2434 294 2489 supplicans
339 2435 551 2476 attentius
594 2438 808 2490 quatenus
854 2434 908 2475 ob
951 2433 1170 2475 benedicti.
1208 2431 1448 2473 Salvatoris

56 2489 264 2542 intuitum
297 2501 455 2543 eisdem
492 2502 546 2543 de
587 2505 792 2543 consueta
833 2501 1076 2542 sedulitatis
1106 2499 1306 2555 benignae
1341 2498 1448 2553 vigi-

10 2579 11 2582 ’
56 2565 204 2618 lautia,
236 2568 283 2608 in
316 2567 369 2609 iis
401 2583 498 2624 quae
534 2569 590 2610 ad
622 2569 816 2624 praefatae
857 2569 1010 2609 domus
1051 2570 1242 2622 spectare
1274 2579 1448 2620 cognos-

11 2635 13 2657 ἶ
58 2636 216 2674 cuntur
245 2649 392 2689 pacem
423 2636 587 2690 pariter
623 2640 667 2677 et
701 2636 894 2684 salutem,
937 2635 1054 2689 apud
1083 2635 1343 2674 memoratos
1375 2631 1448 2671 do-

12 2698 13 2701 '
59 2694 195 2742 minos
227 2702 452 2743 consilium
483 2706 527 2744 et
568 2703 782 2743 auxilium
824 2701 1041 2756 impartiri
1084 2699 1298 2741 studeatis
1329 2712 1449 2752 saga-

14 2799 15 2802 ,
59 2766 188 2808 citate
218 2767 438 2810 benevola.

1128 2844 1152 2874 c
1185 2844 1210 2874 o
1243 2834 1268 2872 2
