1905 3180
475 286 528 327 34
931 290 1036 323 ADAE
1069 293 1129 324 DE
1160 278 1355 324 MAmsco

445 286 469 325 Ν)

445 418 453 433 ox

498 411 604 452 serit
645 410 714 451 vir
769 423 949 451 uxorem
991 423 1125 460 suam,
1170 410 1214 450 et
1245 407 1445 450 recedens
1478 407 1534 449 ab
1577 423 1627 450 ea
1669 409 1842 450 duxerit

444 486 465 500 “
498 479 641 520 virum
679 477 877 529 alterum,
910 476 1123 533 numquid
1160 479 1453 518 reverberetur
1481 476 1536 517 ad
1565 491 1659 518 eam
1693 477 1842 518 ultra?

444 554 464 568 “
498 546 727 601 Numquid
761 561 849 587 non
883 545 1063 601 polluta,
1102 544 1402 586 contaminata
1432 544 1516 586 erit
1547 544 1702 586 mulier
1738 545 1843 587 illa?

442 621 463 636 ‘⁴
496 615 561 656 Tu
587 617 734 656 autem
760 613 971 656 fornicata
1000 628 1043 655 es
1070 627 1167 655 cum
1191 612 1458 654 amatoribus
1484 611 1661 664 multis,
1694 616 1842 654 tamen

442 688 461 703 ‘·
494 686 711 724 revertere
740 682 796 724 ad
828 697 905 732 me,
939 681 1046 723 dicit
1068 680 1293 731 Dominus,
1326 684 1370 722 et
1401 695 1479 736 ego
1521 680 1752 737 suscipiam
1784 684 1839 723 te.

442 757 461 771 ‘⁶
496 750 697 792 Polluisti
722 754 885 792 terram
915 750 962 791 in
990 748 1355 790 fornicationibus
1387 747 1476 789 tuis
1508 752 1553 790 et
1583 749 1630 789 in
1660 748 1842 790 malitiis

439 826 460 840 ‘·'
494 818 607 869 tuis,
641 818 760 860 frons
796 818 937 861 virilis
980 817 1219 859 meretricis
1254 816 1372 858 facta
1405 819 1470 857 est
1505 815 1619 868 tibi,
1656 816 1839 858 noluisti

438 894 458 907 “
492 886 751 929 erubescere.
830 885 945 942 Ergo
987 886 1141 927 saltem
1193 884 1345 925 amodo
1377 898 1484 925 voca
1527 898 1621 926 me:
1683 884 1840 926 ‘Pater

438 961 459 975 “
492 969 622 1006 meus,
657 955 747 996 dux
774 953 1044 1010 virginitatis
1076 967 1182 995 meae
1215 956 1266 994 tu
1296 952 1399 994 es⁷⁷⁷
1466 952 1612 1008 Igitur
1639 952 1840 1007 quamvis

434 1022 813 1072 inaestimabiliter,
867 1036 994 1077 super
1037 1024 1224 1070 caeterOS,
1279 1020 1445 1063 saeculis
1494 1020 1696 1061 omnibus
1742 1020 1840 1062 hor-

433 1090 579 1132 rendae
620 1090 710 1131 sint
753 1089 1008 1131 atrocitates
1052 1089 1271 1141 scelermn,
1318 1103 1416 1130 cum
1460 1092 1655 1131 auctores
1697 1088 1839 1144 perdi-

433 1158 563 1199 tionis
594 1159 891 1208 inveniuntur,
926 1158 1001 1213 qui
1035 1157 1256 1199 salvandis
1289 1155 1520 1197 animabus
1563 1156 1838 1198 ecelesiastici

432 1226 652 1281 regiminis
684 1225 983 1268 celsitudinem
1015 1228 1119 1266 sunt
1162 1225 1354 1274 assecuti,
1392 1227 1543 1265 contra
1577 1238 1684 1280 quos
1719 1225 1836 1266 inter

433 1298 588 1335 caetera
640 1294 801 1336 divinae
853 1293 1204 1335 comminationis
1245 1292 1431 1333 fulmina
1483 1295 1609 1333 tanto
1664 1292 1834 1348 fulgore

432 1362 558 1404 saevit
613 1361 878 1417 prophetalis
920 1361 1148 1411 sententia,
1188 1374 1274 1415 qua
1318 1360 1512 1401 dicitur:
1568 1363 1591 1381 ‘⁶
1614 1359 1650 1401 O
1699 1375 1835 1402 sacer—

433 1433 457 1450 “
489 1429 635 1471 dotes}
671 1430 707 1470 si
750 1428 976 1470 nolueritis
1023 1428 1184 1480 audire,
1233 1432 1278 1469 et
1324 1429 1359 1468 si
1405 1427 1633 1469 nolueritis
1677 1442 1836 1483 ponere

433 1502 453 1517 ‘¹
486 1511 613 1552 super
649 1512 720 1538 cor
752 1501 803 1538 ut
834 1496 945 1537 detis
979 1496 1161 1551 gloriam
1205 1495 1372 1536 nomini
1403 1509 1511 1547 meo,
1546 1495 1653 1537 dicit
1684 1495 1836 1538 Domi-

432 1570 451 1584 “
485 1579 568 1605 nus
599 1565 877 1613 exercituum,
915 1564 1089 1605 mittam
1121 1563 1168 1604 in
1209 1577 1287 1604 vos
1321 1566 1573 1618 egestatem,
1617 1566 1661 1604 et
1703 1563 1835 1605 male-

433 1640 452 1653 “
487 1634 624 1674 dicam
653 1631 1025 1674 benedictionibus
1051 1631 1220 1679 vestris,
1246 1635 1289 1672 et
1321 1630 1574 1671 maledicam
1598 1630 1695 1682 illis,
1728 1645 1833 1686 quo-

431 1708 451 1722 ‘'·'
485 1701 601 1742 niam
642 1715 729 1741 non
773 1700 975 1755 posuistis
1016 1713 1143 1754 super
1195 1712 1274 1740 cor.
1339 1698 1446 1739 Ecce
1496 1712 1574 1753 ego
1609 1698 1831 1754 projiciam

430 1773 453 1790 “
484 1768 606 1809 vobis
638 1767 874 1818 brachium,
915 1770 959 1808 et
991 1767 1233 1822 dispergam
1266 1780 1394 1821 super
1428 1765 1601 1806 vultum
1636 1769 1831 1807 vestrum

430 1843 449 1857 “
482 1840 644 1878 stercus
685 1835 1013 1877 solemnitatum
1045 1831 1329 1875 vestrarum.”
1414 1832 1609 1884 Quorum
1653 1834 1826 1884 etenim,

425 1904 531 1960 proh
574 1903 705 1955 nefas,
738 1901 1062 1958 incogitabilem
1104 1901 1386 1956 pervicaciam
1435 1901 1831 1956 incomparabiliter

424 1974 519 2029 plus
551 1987 681 2028 quam
713 1974 887 2013 caeteras
917 1968 1167 2011 mortalium
1196 1968 1453 2023 impietates,
1487 1971 1639 2024 utpote
1669 1968 1830 2024 profes-

423 2043 543 2083 sione
575 2039 828 2088 tenentium,
862 2038 1181 2079 destruentium
1218 2036 1356 2091 legem
1389 2035 1580 2088 Domini,
1619 2040 1710 2077 tam
1735 2040 1829 2078 ⁴ter-

422 2110 541 2151 rifice
583 2107 842 2150 condemnat
873 2105 982 2146 illud
1013 2104 1213 2161 Apostoli
1239 2120 1246 2145 :
1288 2108 1310 2125 “
1327 2103 1506 2144 Irritam
1539 2104 1636 2159 quis
1667 2104 1826 2146 faciens

425 2184 446 2198 “
478 2177 617 2232 legem
647 2174 789 2230 Moysi
822 2174 912 2215 sine
943 2173 1033 2214 ulla
1064 2172 1339 2214 miseratione
1370 2171 1538 2213 duobus
1572 2175 1649 2213 aut
1685 2173 1825 2214 tribus

423 2250 445 2266 “
478 2243 659 2286 testibus
681 2243 863 2284 moritur
881 2257 889 2293 ς
912 2244 1076 2296 quanto
1092 2241 1229 2296 magis
1251 2239 1416 2296 putatis
1438 2239 1652 2281 deteriora
1673 2241 1827 2282 mereri

425 2317 445 2334 ‘⁶
479 2311 687 2367 supplicia
718 2308 791 2365 qui
824 2308 987 2350 Filium
1019 2309 1102 2350 Dei
1134 2307 1460 2357 conculcaverit,
1493 2311 1537 2349 et
1568 2308 1823 2364 sanguinem

424 2384 445 2401 “
478 2378 729 2421 testamenti
774 2377 988 2433 pollutum
1032 2377 1220 2428 duxerit,
1268 2376 1315 2417 in
1364 2390 1449 2431 quo
1512 2376 1819 2430 sanctificatus,

423 2452 443 2469 ‘⁴
477 2450 552 2498 est,
586 2450 630 2488 et
672 2445 857 2501 Spiritui
891 2445 1045 2500 gratiae
1079 2444 1387 2486 contumeliam
1431 2442 1618 2485 fecerit.’'

480 2515 566 2556 Sed
597 2527 801 2569 quorsum
832 2512 952 2554 haec?
1004 2512 1070 2554 Ut
1103 2513 1207 2568 quid
1235 2512 1291 2553 ad
1323 2511 1598 2553 humiliatam
1631 2511 1820 2554 animam

419 2582 656 2625 terroribus
687 2581 959 2622 insisterem?
1015 2580 1261 2622 Occurrunt
1293 2580 1409 2621 inter
1439 2579 1667 2622 scribenda
1703 2595 1819 2636 spec-

417 2650 569 2692 tabilia
597 2649 681 2690 toti
713 2662 844 2704 regno
878 2647 961 2688 Dei
986 2648 1220 2698 cacumina,
1250 2648 1410 2698 David,
1441 2647 1606 2699 Petrus,
1641 2648 1815 2689 Paulus,

418 2718 464 2760 Si
507 2716 655 2758 David
701 2714 974 2767 adulterium,
1018 2715 1054 2757 si
1107 2715 1226 2757 Petri
1271 2716 1561 2771 negationem,
1602 2716 1637 2756 si
1690 2716 1816 2757 Pauli

415 2784 737 2841 blasphemiam,
781 2786 824 2825 et
865 2783 911 2823 in
962 2782 1014 2823 iis
1066 2783 1266 2824 omnibus
1307 2782 1573 2824 ineffabilem
1617 2798 1813 2839 supernae

415 2851 747 2909 dispensationis
778 2850 1124 2901 misericordiam,
1167 2865 1256 2892 non
1301 2855 1390 2892 tam
1433 2848 1629 2892 tremulis
1682 2866 1812 2906 quam

412 2919 685 2963 fiducialibus
724 2917 857 2961 oculis
896 2919 1248 2975 contemplemur,
1285 2919 1501 2975 numquid
1545 2916 1662 2962 ultra
1695 2920 1813 2962 locus
