1905 3180
674 239 909 272 EPls'roLAE.
1402 231 1488 276 277

97 354 182 396 Sed
213 354 248 395 si
280 354 528 396 dilationem
558 360 811 411 praesentem
852 355 923 411 pia
962 355 1171 410 patientia
1212 354 1484 410 perferamus,
1506 359 1621 413 speing
1637 359 1691 391 the

95 436 215 476 spero
247 421 543 464 indubitanter
574 423 688 478 quod
719 423 959 478 expectatio
991 423 1112 464 cedet
1142 422 1197 463 ad
1228 422 1409 464 salutem
1442 425 1486 464 et
1503 403 1716 478 {usualeassislgon

94 489 457 543 complacentiam,
493 490 716 532 Salvator-e
758 490 909 531 melius
955 490 1206 544 disponente
1254 490 1486 530 secundum
1506 491 1673 544 effpected.

94 556 305 597 occultum
338 557 403 597 sui
434 557 701 612 beneplaciti,
740 572 867 612 quam
897 557 1129 598 secundum
1155 557 1331 611 planum
1353 557 1489 598 nostri
1506 534 1712 610 ξῖἶῑῖρῖζεω

93 622 303 664 desiderii.
369 623 584 665 Caeterum
617 640 743 680 super
773 624 956 679 negotio,
991 624 1106 678 quod
1136 624 1281 674 nostis,
1315 623 1488 665 videtur
1506 622 1575 652 him
1586 631 1678 672 anre

93 689 199 730 mihi
246 690 354 731 nihil
399 691 487 732 fore
519 692 801 741 scribendum,
836 692 914 732 hac
957 691 1059 740 vice,
1104 690 1342 746 praesertim
1389 705 1485 731 cum
1504 666 1695 741 {api-gfff

92 760 246 811 agatur
277 757 328 799 de
360 773 404 799 re
436 759 636 810 maxima,
684 763 727 800 et
772 759 871 800 hinc
917 762 1111 814 speretur
1153 758 1267 799 salus
1309 772 1485 806 summa,
1506 754 1676 830 ffiinffdbe·

94 823 211 864 illinc
256 838 357 866 vero
404 826 639 868 timeantm·
684 830 877 868 extrema
922 825 1119 881 pericula,
1167 829 1211 867 et
1257 825 1487 866 secundum
1538 808 1571 839 ‘⁵
1623 822 1629 829 ’

95 906 268 932 sensum
312 893 516 947 sapientis
559 897 730 935 mortua
775 894 921 935 littera
950 893 1124 934 unicum
1168 907 1338 934 sensum
1382 907 1488 948 prae-

91 959 210 1009 ferat,
257 975 345 1001 vox
396 964 541 1002 autem
593 962 697 1002 viva
743 962 885 1017 plures
926 961 1084 1002 formas
1126 961 1400 1009 demonstrat,
1445 961 1489 1002 et

90 1027 337 1069 nullatenus
367 1032 490 1069 muta
520 1029 730 1084 scriptura
771 1029 829 1070 sic
864 1027 1118 1084 respondere
1149 1029 1266 1070 valet
1297 1028 1488 1069 sollicitis

90 1094 499 1150 interrogationibus
566 1096 676 1137 sicut
732 1099 875 1152 potest
926 1096 1130 1137 sermonis
1182 1096 1487 1150 multiplicitas,

92 1161 151 1203 Et
175 1162 260 1204 scio
288 1163 521 1205 certissime
551 1164 665 1219 quod
689 1164 808 1205 nullo
836 1163 963 1204 modo
993 1163 1268 1204 innotescunt
1296 1166 1372 1204 aut
1399 1166 1490 1203 tam

90 1230 323 1285 prudenter
373 1235 450 1272 aut
501 1235 591 1272 tam
643 1232 872 1272 salubriter
923 1246 973 1272 ea
1025 1245 1121 1285 quae
1174 1234 1276 1271 sunt
1326 1230 1491 1285 agenda

89 1297 275 1339 maxime
326 1298 435 1339 circa
484 1314 549 1340 res
592 1299 774 1355 grandes
824 1313 900 1354 per
949 1298 1210 1340 characteres
1255 1298 1487 1352 scripturae,

91 1379 187 1420 quae
238 1365 403 1420 copiose
454 1369 498 1407 et
548 1367 715 1407 utiliter
766 1381 842 1422 per
893 1365 1163 1422 diligentiam
1225 1368 1489 1406 tractatuum

91 1435 136 1473 et
186 1432 579 1475 multiformitatem
628 1433 939 1475 discussionum
981 1447 1035 1474 ex
1102 1430 1490 1473 illuminationibus

89 1500 302 1555 patefiunt
348 1500 522 1542 Divinae
567 1501 816 1550 clementiae,
866 1516 962 1542 cum
1023 1500 1161 1541 honor
1203 1499 1286 1540 Dei
1330 1499 1490 1540 sincere

91 1568 299 1622 quaeritur
339 1571 383 1610 et
414 1572 589 1625 propter
619 1569 757 1610 vitam
800 1572 1007 1610 aeternam
1038 1567 1270 1609 laboratur.
1333 1566 1490 1608 Nonne

90 1639 313 1691 propterea
344 1639 387 1677 et
417 1636 531 1678 beati
564 1636 774 1692 Apostoli,
797 1650 980 1691 quorum
1008 1634 1300 1689 unusquisque
1330 1631 1491 1676 inaesti-

90 1703 294 1745 mabilem
336 1703 525 1759 Spiritus
567 1704 716 1746 Sancti
767 1703 1031 1745 affluentiam
1084 1702 1278 1757 suscepit,
1323 1704 1366 1743 et
1397 1704 1491 1742 tota

94 1771 470 1813 ecclesiasticarum
521 1786 797 1827 personarum
850 1770 1047 1812 discretio
1099 1773 1143 1810 et
1193 1768 1345 1809 mundi
1375 1768 1491 1823 prin-

91 1837 213 1893 cipes,
264 1837 338 1893 qui
381 1842 506 1880 tanta
548 1839 858 1894 splenduerunt
898 1836 1117 1892 sapientia,
1161 1839 1204 1877 et
1235 1835 1490 1891 populorum

91 1905 360 1946 saecularium
393 1906 624 1956 conciones,
657 1921 682 1947 a
707 1909 949 1961 temporum
979 1903 1164 1946 exordiis
1185 1917 1261 1958 per
1292 1902 1491 1957 colloqui-

91 1987 212 2013 orum
245 1973 418 2015 vivaces
460 1973 778 2028 disquisitiones
820 1987 870 2014 ea
911 1987 1007 2027 quae
1038 1974 1154 2013 recta
1183 1974 1285 2011 sunt
1315 1969 1491 2011 investi-

85 2054 187 2095 gare
218 2055 305 2081 non
347 2041 567 2091 desistunt,
602 2045 645 2082 et
691 2056 740 2082 ea
785 2055 880 2095 quae
921 2038 1191 2094 exsequenda
1220 2040 1322 2079 sunt
1353 2037 1491 2093 dispo⁴

91 2110 215 2148 nunt.
279 2107 467 2149 Proinde
510 2123 613 2163 rogo
659 2111 815 2149 vestrae
861 2121 947 2148 non
995 2106 1214 2161 displiceat
1257 2100 1489 2153 serenitati,

89 2175 126 2215 si
171 2175 223 2216 de
266 2170 341 2215 illo
373 2175 486 2217 facto
538 2180 627 2216 tam
679 2175 893 2230 ambiguae
954 2173 1205 2224 formidinis,
1257 2173 1490 2214 secmidum

91 2236 207 2296 quod
258 2243 456 2284 voluistis
508 2258 595 2284 non
641 2243 836 2292 rescribo,
875 2242 975 2296 quia
1022 2241 1140 2282 nullo
1191 2240 1317 2280 modo
1363 2240 1490 2281 video

89 2309 299 2364 expedire,
332 2325 386 2351 ne
428 2310 538 2352 forte
581 2325 657 2366 per
688 2311 875 2365 aliquam
922 2309 1142 2357 incuriam,
1187 2322 1315 2362 quam
1347 2308 1487 2349 nescio

88 2390 245 2426 cavere,
269 2392 344 2433 per
377 2378 583 2433 scriptum
612 2379 747 2419 causis
775 2377 1043 2426 salutaribus,
1077 2375 1191 2430 quod
1222 2374 1347 2424 absit,
1370 2374 1488 2430 inge-

88 2447 210 2486 ratur
240 2444 527 2500 irreparabilis
558 2446 807 2487 detrimenti
844 2444 1090 2501 periculiun.

150 2511 303 2554 Grates
332 2512 457 2554 vobis
487 2513 632 2564 refero,
667 2513 780 2569 quod
811 2513 917 2553 mihi
949 2508 1260 2554 communicare
1291 2506 1488 2552 voluistis

90 2593 279 2621 rumores
323 2579 464 2622 Terrae
508 2580 690 2631 Sanctae,
739 2580 935 2635 quamvis
978 2579 1213 2634 plurimum
1258 2577 1402 2619 tristes
1444 2580 1488 2618 et

89 2645 355 2701 permaxime
401 2648 624 2690 timendas.
708 2648 859 2689 Valete
904 2661 1071 2702 semper
1121 2645 1168 2687 in
1220 2644 1391 2687 Christo
1443 2645 1489 2685 et

90 2713 335 2755 beatissima
385 2715 574 2770 Virgine.
657 2715 843 2756 Habetis
898 2713 1171 2769 praesentiam
1216 2708 1486 2754 dominorum

91 2779 333 2831 Lincolniae,
383 2782 644 2838 VVygorniae,
690 2781 855 2824 Fratris
899 2781 1105 2836 Gregorii,
1150 2779 1195 2821 in
1227 2778 1392 2834 quibus,
1435 2775 1486 2819 ut
