1905 3180
455 265 540 311 2’74:
942 271 1048 303 ADAE
1080 271 1141 303 DE
1171 269 1368 303 MAmsoo

456 407 574 435 mum
627 392 875 433 timoratam
927 387 1214 438 devotionem,
1267 387 1302 428 si
1354 386 1410 428 ad
1461 386 1680 428 ecclesiam
1738 386 1854 442 piam

455 459 787 509 aemulationem,
821 457 857 498 si
888 457 941 498 ad
972 469 1165 512 proceres
1206 455 1404 496 socialem
1447 454 1785 503 honorationem,
1820 454 1856 496 si

455 528 509 570 ad
540 528 701 569 tirones
731 524 979 566 munificam
1023 523 1364 572 subventionem,
1400 523 1435 564 si
1468 523 1524 563 ad
1556 522 1702 578 plebes
1745 522 1856 578 regi-

453 599 596 639 turam
642 593 942 641 defensionem,
977 591 1013 632 si
1044 591 1100 632 ad
1132 590 1402 633 calamitosos
1443 589 1689 631 affluentem
1730 589 1856 632 mise-

453 664 675 712 rationem,
711 662 746 703 si
777 661 833 702 ad
864 661 1079 702 modestos
1110 658 1390 700 favorabilem
1426 658 1786 708 benevolentiam,
1819 657 1855 699 si

453 733 507 774 ad
538 731 769 773 foederatos
810 728 1064 770 inviolatam
1097 727 1350 783 pactionem,
1395 726 1431 768 si
1462 726 1518 767 ad
1549 726 1726 768 discolos
1771 725 1856 767 dis-

452 801 626 842 trictam
659 797 931 848 coercionem,
965 796 1001 837 si
1032 795 1086 836 ad
1122 795 1345 837 universos
1378 794 1623 836 ordinabam
1667 794 1857 836 dilectio-

452 882 562 916 nem,
612 868 888 922 procurantes
941 863 1199 905 omnimodis
1245 867 1289 904 et
1333 862 1548 917 adjutoria
1598 861 1756 914 valida,
1813 865 1857 903 et

452 935 627 978 consilia
659 934 828 982 diserta,
863 935 907 974 et
937 931 1100 972 munda
1141 930 1390 979 ministeria,
1425 933 1468 972 et
1493 929 1658 984 judicia
1694 929 1857 971 exami-

452 1007 566 1051 nata,
605 1002 929 1058 perseveranter
961 999 1236 1041 servaveritis
1268 1001 1313 1040 et
1342 998 1457 1040 inter
1490 997 1698 1039 terrificos
1731 998 1858 1039 tuba—

450 1086 547 1112 rum
580 1070 811 1126 clangores
835 1071 880 1109 et
911 1068 1025 1109 inter
1055 1066 1281 1108 horribiles
1308 1066 1670 1108 conclamantium
1702 1065 1858 1107 vocife-

450 1139 648 1187 rationes,
685 1140 728 1179 et
766 1137 881 1178 inter
918 1136 1033 1177 diros
1070 1149 1288 1176 armorum
1322 1134 1535 1183 stridores,
1573 1134 1689 1175 inter
1724 1134 1857 1189 stipa-

451 1210 519 1248 tos
545 1209 780 1248 castrorum
814 1218 1066 1260 congressus
1099 1206 1143 1245 et
1174 1203 1290 1244 inter
1321 1202 1540 1258 paecipites
1562 1201 1855 1243 corruentium

453 1288 633 1323 occasus,
679 1276 722 1314 et
768 1272 883 1313 inter
924 1271 1111 1327 profluos
1152 1270 1393 1312 sauciorum
1435 1283 1614 1318 cruoreS,
1649 1271 1695 1310 et
1741 1269 1856 1310 inter

450 1340 717 1382 miserabiles
748 1339 1023 1381 morientium
1056 1338 1260 1387 ulula-tus,
1295 1339 1346 1380 de
1379 1337 1635 1379 adversariis
1665 1337 1855 1392 profecto

450 1409 558 1449 illud
589 1407 800 1449 divinitus
831 1406 1083 1461 implebitur
1108 1422 1116 1446 :
1154 1412 1176 1428 ‘⁶
1194 1406 1328 1461 Fugit
1359 1405 1518 1461 impius
1550 1405 1722 1446 nemine
1759 1420 1857 1461 per-

452 1480 475 1498 “
507 1478 710 1531 sequente
731 1474 765 1525 ;⁷'
812 1474 864 1515 de
895 1474 1018 1514 vobis
1049 1487 1162 1523 vero,
1232 1473 1422 1515 “Justus
1455 1476 1506 1514 ut
1540 1473 1605 1514 leo
1639 1472 1857 1514 confidens

454 1547 476 1565 “
507 1544 666 1597 absque
712 1546 874 1583 terrore
905 1540 1023 1582 erit.''
1104 1540 1232 1593 Quod
1267 1541 1303 1581 si
1340 1541 1491 1582 ducem
1528 1540 1855 1596 magnanimum

451 1611 667 1652 salvandis
710 1609 958 1651 hominibus
986 1608 1114 1650 rebus
1146 1608 1346 1649 humanis
1390 1608 1616 1664 contingat
1648 1608 1854 1660 excidere,

451 1679 555 1734 quid
585 1692 779 1732 unquam
812 1676 1101 1718 {estimabitur
1131 1680 1209 1717 aut
1235 1675 1472 1732 gloriosius,
1510 1678 1588 1716 aut
1620 1675 1853 1727 decentius,

450 1750 527 1788 aut
554 1745 817 1794 salutarius,
865 1759 994 1799 quam
1030 1747 1206 1799 propter
1237 1758 1407 1786 causam
1453 1743 1642 1794 vivendi,
1677 1743 1856 1786 vivendi

450 1814 580 1856 finem
612 1813 759 1854 facere.

508 1881 718 1936 Succingo
749 1893 999 1927 sermonem,
1024 1878 1160 1920 sciens
1191 1879 1306 1933 quod
1338 1878 1384 1919 111
1415 1879 1593 1920 cartulis
1625 1878 1732 1919 alias
1761 1892 1854 1920 ves-

448 1953 529 1991 trfe
574 1948 821 1990 discretioni
868 1947 1107 1998 destinatis,
1150 1946 1251 1987 licet
1303 1946 1447 1987 minus
1483 1947 1714 2002 eleganter,
1763 1960 1852 1987 non

446 2021 594 2059 tamen
630 2015 818 2056 inaniter
840 2014 1102 2056 characteres
1134 2014 1379 2070 pinxerim3
1411 2014 1521 2055 nihil
1552 2015 1733 2056 scribere
1765 2028 1854 2055 non

448 2085 644 2141 permisit
676 2083 833 2124 amoris
865 2083 1037 2124 solliciti
1068 2097 1230 2138 pavens
1263 2082 1444 2124 affectio.
1507 2082 1723 2124 Caeterum
1756 2097 1851 2124 culn

449 2152 638 2194 attonita
659 2154 803 2191 mente
824 2150 1142 2191 consideramus
1163 2150 1457 2205 fulgurantem
1479 2150 1650 2191 hastam
1675 2150 1850 2192 Divinae

448 2219 737 2267 districtionis,
782 2218 945 2259 saeculis
980 2219 1179 2259 omnibus
1225 2218 1444 2259 inauditas
1478 2217 1848 2259 formidandarum

447 2288 662 2329 ultionum
694 2287 1006 2327 immensitates
1042 2286 1110 2326 his
1139 2286 1288 2327 diebus
1315 2289 1599 2338 exercentem,
1633 2290 1677 2328 et
1723 2301 1851 2342 super

448 2355 677 2411 praelatum
710 2357 754 2394 et
786 2368 912 2408 super
961 2354 1105 2403 cleros,
1143 2357 1187 2395 et
1219 2369 1345 2409 super
1376 2354 1589 2409 principes
1635 2356 1680 2395 et
1723 2368 1851 2412 super

448 2422 665 2478 populum,
699 2436 793 2475 quae
827 2425 869 2462 et
901 2436 1068 2462 summa
1097 2437 1240 2463 rerum
1285 2421 1472 2463 culmina
1518 2425 1561 2463 et
1609 2421 1772 2476 deJ'ecit,
1807 2425 1852 2463 et

449 2490 683 2544 dissipavit,
707 2493 750 2530 et
782 2490 954 2530 attrivit
978 2505 988 2539 3
1034 2489 1138 2544 quid
1169 2489 1289 2530 aliud
1326 2503 1454 2543 quam
1487 2488 1743 2544 desipientia
1773 2489 1851 2531 hu-

447 2557 670 2598 manitatis
701 2560 927 2597 revocatur
958 2557 1012 2597 ad
1059 2557 1316 2598 Divinitatis
1345 2549 1612 2612 sapientiam,
1647 2571 1744 2612 quae
1785 2560 1850 2598 at-

445 2625 578 2679 tingit
609 2638 635 2664 a
665 2624 750 2664 fine
781 2638 915 2678 usque
947 2624 1002 2665 ad
1038 2624 1168 2665 finem
1203 2624 1373 2666 fortiter
1404 2628 1448 2666 et
1479 2625 1671 2679 disponit
1702 2625 1848 2665 omnia

448 2692 668 2733 suaviter?
720 2691 785 2732 De
808 2695 899 2732 tam
921 2692 1156 2733 necessario
1187 2692 1338 2733 salutis
1368 2692 1543 2748 negotio
1566 2692 1680 2746 quod
1711 2692 1848 2733 nostis

446 2759 488 2799 in
514 2772 644 2813 regno
668 2758 838 2814 Anglize
871 2759 1098 2815 operando,
1123 2759 1242 2814 cujus
1274 2773 1396 2800 mora
1427 2773 1643 2800 summum
1675 2759 1848 2801 indubi-

446 2829 590 2866 tanter
620 2825 757 2866 trabit
788 2827 1037 2880 periculum,
1072 2826 1303 2868 dolendum
1337 2826 1425 2868 fore
1456 2827 1721 2882 permaxime
1753 2840 1848 2868 cen-

447 2907 527 2934 seo.
575 2893 779 2947 aspiciens
813 2894 913 2934 illud
964 2895 1103 2935 nescio
1136 2909 1219 2949 quo
1267 2893 1522 2936 frustratum
1561 2894 1606 2934 in
1641 2893 1845 2951 Omnipo-
