1905 3180
206 1521 414 1563 Expressing

206 1566 258 1596 his
275 1571 385 1606 regret

206 1610 258 1640 for
274 1610 373 1650 being

205 1654 357 1684 detained
369 1655 413 1695 by

206 1698 398 1728 attendance

207 1751 294 1781 upon
311 1741 366 1772 the

208 1786 294 1825 Abp.
313 1785 351 1815 of

208 1829 344 1860 Canter-

206 1873 318 1914 bury’s

206 1917 362 1949 business.

431 218 514 261 312
920 226 1024 257 ADAE
1057 227 1117 257 DE
1148 223 1342 258 MAiusco

429 347 584 398 ceptus,
629 346 672 383 et
706 342 821 384 zelus
856 341 1093 382 irremissus
1129 341 1184 381 ad
1225 341 1341 382 illius
1382 340 1520 396 operis
1562 355 1828 383 consumma-

428 411 601 459 tionem,
627 410 740 464 quod
772 409 959 464 propitia
992 409 1213 450 Divinitas
1235 409 1358 450 vobis
1391 413 1435 450 et
1466 409 1723 464 quibusdam
1746 409 1829 450 fili-

428 493 549 518 orum
582 481 823 518 vestrorum
855 477 909 518 ad
940 492 1085 518 veram
1110 476 1284 518 Ordinis
1314 477 1662 518 reformationem
1694 492 1830 532 nuper

427 546 663 600 inspiravit.
729 545 878 586 Genua
930 544 1103 599 pietatis
1144 548 1299 586 vestrae
1341 545 1587 600 complexus
1628 545 1830 601 deprecor

427 613 658 663 humiliter,
693 613 924 668 supplicius
957 613 1179 653 obsecrans
1212 616 1263 653 ut
1294 627 1399 654 meae
1436 613 1665 668 parvitatis
1695 613 1829 654 insuf-

426 682 658 723 ficientiam
698 681 871 722 Divinae
907 680 1051 721 velitis
1095 680 1392 721 commendare
1433 681 1708 730 miserationi,
1754 695 1830 736 per

427 751 615 791 salvifica
646 750 778 791 vestri
814 753 858 790 et
890 749 1077 790 filiorum
1109 752 1350 790 vestrorum
1386 749 1571 789 fratrum
1613 749 1828 790 minorum

427 818 639 874 suffragia,
676 832 829 872 eosque
852 818 926 872 qui
962 832 1129 858 mecum
1162 832 1236 872 per
1258 820 1446 858 vestram
1482 817 1680 858 laborant
1717 817 1831 858 ordi-

427 887 655 927 nationem.
719 886 908 927 Salutari
937 889 1037 941 peto
1067 885 1270 940 obsequio
1302 885 1386 926 mei
1418 885 1655 926 carissimos
1687 888 1830 940 patres

426 958 470 994 et
491 954 652 1003 fratres,
677 954 854 995 fratrem
879 953 941 1004 R„
964 953 1141 994 fratrem
1160 953 1237 1002 W„
1264 956 1522 1008 caeterosque
1544 953 1697 995 fratres
1718 953 1831 994 filios

428 1025 601 1072 vestros,
636 1021 681 1062 in
716 1021 906 1062 Auctore
943 1021 1106 1062 salutis.

485 1089 639 1131 Valeat
671 1093 815 1131 vestra
846 1089 1122 1145 paternitatis
1153 1089 1425 1130 incolumitas
1457 1088 1503 1130 in
1536 1088 1717 1140 Christo,
1752 1092 1828 1131 etc.

1001 1288 1260 1332 CLXXIII.

613 1408 768 1450 Fffllrc'
812 1406 880 1459 W·>
914 1407 1133 1450 Ministro
1166 1407 1362 1462 Angylicc,
1396 1407 1558 1450 Frater
1589 1407 1708 1450 Aclcc.

491 1528 725 1582 Postquam
758 1528 1050 1583 proficiscente
1088 1528 1262 1570 domino
1296 1527 1551 1570 Lincolniae1
1576 1528 1631 1570 ad
1654 1526 1829 1570 Curiam

434 1596 683 1645 Romanam,
708 1611 783 1651 per
804 1596 1124 1645 inexorabilem,
1158 1597 1259 1637 licet
1290 1596 1616 1637 multiformiter
1646 1600 1831 1652 attemp-

431 1667 581 1713 tatam,
616 1664 779 1705 domini
810 1664 930 1719 regis,
964 1664 1148 1705 dominae
1181 1664 1350 1718 reginae,
1385 1664 1548 1705 domini
1582 1664 1830 1705 Cantuariae

432 1732 715 1773 detinentiam
762 1736 954 1773 moratus
991 1746 1085 1772 sum
1123 1732 1169 1772 in
1203 1731 1373 1786 Anglia,
1417 1731 1488 1772 vel
1524 1731 1701 1783 invitus,
1734 1728 1831 1773 eum

430 1799 691 1841 intolerabili
719 1800 925 1848 laborum,
951 1799 1301 1848 sollicitudinum,
1326 1799 1599 1840 anxietatum
1622 1799 1828 1849 molestia,

432 1870 595 1911 domini
629 1870 877 1912 Cantuariae
899 1869 1181 1911 contubernio
1214 1872 1486 1925 aggravatus,
1510 1869 1832 1912 inaestimabilia

429 1941 668 1982 coelestium
714 1940 1080 1982 illuminationum
1124 1940 1395 1989 detrimenta,
1426 1939 1628 1981 videlicet
1660 1940 1831 1981 aeterm'-

429 2008 533 2050 tatis
567 2009 613 2049 in
639 2012 794 2057 mente,
819 2008 1017 2049 veritatis
1050 2008 1096 2048 in
1128 2007 1305 2057 ratione,
1329 2006 1658 2062 tranquillitatis
1689 2007 1736 2048 in
1758 2022 1832 2049 vo-

428 2075 607 2125 luntate,
642 2090 815 2131 propter
859 2075 1090 2117 immensas
1128 2080 1394 2117 terrenarum
1436 2075 1667 2131 caliginum
1708 2090 1830 2117 vora—

427 2146 557 2202 gines,
582 2162 649 2187 me
671 2146 871 2187 miserum
893 2149 900 2187 ἒ
925 2147 969 2187 111
992 2147 1081 2188 dies
1102 2147 1287 2202 perferre
1310 2145 1389 2187 sub
1411 2144 1615 2187 luctuosis
1637 2145 1830 2187 continui

429 2215 625 2269 planctus
668 2214 899 2269 gemitibus
935 2229 1022 2255 non
1065 2213 1232 2255 desisto.
1297 2213 1404 2255 Haec
1440 2213 1595 2254 idcirco
1632 2213 1826 2263 dixerim,

430 2282 531 2335 quia
561 2282 660 2323 licet
682 2282 818 2323 videri
840 2286 980 2337 posset
1000 2282 1167 2337 legibus
1188 2279 1389 2323 amicitiae
1412 2281 1615 2337 derogari,
1640 2295 1735 2322 cum
1759 2281 1830 2322 de-

430 2350 659 2404 sperabiles
687 2364 823 2390 causae
855 2350 1137 2391 discriminosi
1169 2348 1336 2399 doloris,
1371 2346 1486 2404 quod
1517 2349 1607 2390 sine
1639 2349 1830 2390 cruciatu

430 2418 523 2458 diro
545 2417 683 2459 fidelis
704 2418 829 2459 amici
860 2418 953 2459 fieri
984 2418 1147 2472 nequit,
1181 2418 1390 2473 patefiant
1422 2417 1654 2467 evidenter,
1681 2420 1829 2459 tamen

429 2485 629 2526 fiduciam
672 2485 849 2526 suscitat
892 2486 1069 2527 remedii
1106 2481 1268 2541 pectori
1299 2485 1509 2526 transfixo
1541 2498 1637 2526 cum
1669 2484 1828 2526 lethale

475 2671 482 2690 ¹
509 2671 581 2703 The
605 2671 721 2712 bishop
749 2676 836 2703 went
867 2676 900 2702 to
928 2671 1033 2703 Rome
1062 2670 1095 2703 in
1157 2675 1231 2712 802,
1262 2673 1327 2704 and
1358 2670 1463 2713 Epist.
1489 2671 1646 2704 CCXIII.
1693 2672 1744 2704 To
1770 2672 1826 2705 the

433 2728 526 2762 1244,
542 2725 606 2755 and
622 2724 718 2765 again
732 2724 766 2755 in
786 2728 878 2762 1250,
894 2729 928 2756 to
944 2725 1028 2756 have
1041 2725 1095 2756 the
1155 2725 1251 2757 latter
1278 2726 1352 2757 date
1383 2724 1449 2756 this
1480 2725 1575 2756 letter
1599 2729 1687 2756 must
1707 2725 1746 2756 be
1774 2734 1826 2757 re-

429 2778 555 2818 dispute
572 2777 706 2808 decided
722 2778 868 2808 between
884 2777 1021 2808 himself
1032 2778 1096 2808 and
1155 2778 1271 2809 ferred.

428 2825 480 2861 his
512 2829 652 2862 canons.
701 2829 761 2861 Sec·
785 2827 866 2861 Mat.
891 2829 995 2867 Paris,
1022 2833 1094 2868 649,
