1905 3180
395 254 478 294 624
901 259 1135 290 APPENDIX
1171 260 1296 290 XXVI.

392 388 517 440 parte
549 383 767 439 provideri
800 385 844 424 et
875 382 1056 424 malitiae
1089 382 1338 437 hujusmodi
1371 381 1540 423 obviari
1569 380 1799 436 cupientes,

392 452 590 493 dedimus
636 450 859 492 licentiam
908 451 1069 492 eisdem
1117 450 1326 491 fratribus
1369 449 1541 491 emendi
1589 448 1671 489 sibi
1716 448 1803 489 vic-

390 519 528 561 tualia
549 533 624 574 per
645 522 942 574 procuratores
969 521 1014 560 et
1045 517 1151 559 alios
1182 517 1341 560 amicos
1372 532 1470 559 suos
1502 516 1704 572 quotiens
1729 530 1803 558 ne-

389 602 501 629 cesse
547 587 679 628 fuerit
722 587 769 628 in
812 586 1012 642 partibus
1065 586 1296 641 praedictis‚
1347 586 1439 627 sine
1490 585 1800 641 impedimento

392 655 531 697 nostri
562 655 633 697 vel
665 654 964 696 ministrorum
996 658 1245 695 nostrorum
1278 657 1356 695 aut
1387 653 1570 694 aliorum
1599 667 1797 708 quorum-

393 738 586 779 cumque.
672 723 730 764 Et
772 722 869 764 ideo
913 722 1039 763 vobis
1086 721 1343 763 mandamus
1375 721 1492 776 quod
1524 721 1684 762 eisdem
1715 719 1800 760 sra-

391 791 532 832 tribus
582 804 657 832 seu
704 805 852 832 eorum
898 789 1249 846 procuratoribus
1280 792 1359 830 aut
1389 789 1485 830 aliis
1521 788 1670 830 amicis
1702 787 1800 837 suis,

391 862 543 900 contra
585 858 835 914 hujusmodi
868 858 1186 899 concessionem
1233 861 1427 899 nostram
1474 870 1562 898 non
1605 855 1800 897 inferatis

392 926 461 967 vel
492 926 642 967 inferri
674 925 942 982 permittatis
968 924 1187 979 injuriam,
1222 925 1292 967 &o

452 993 578 1035 Teste
611 1008 720 1050 rege,
755 993 873 1049 apud
907 992 1110 1042 Stafford,
1146 992 1237 1034 xiii.
1272 993 1341 1033 die
1374 992 1402 1034 J
1407 992 1509 1033 unii.

993 1297 1184 1341 XXVII.

391 1438 484 1479 Pro
505 1437 745 1480 Abbatissa
773 1438 825 1480 de
850 1437 1006 1493 qratia
1026 1438 1173 1481 Beate&
1200 1437 1368 1480 Maria]
1404 1435 1588 1479 ordinis
1619 1435 1794 1478 Scmcice

513 1506 658 1548 olm-ce
698 1510 824 1548 emm
875 1507 926 1548 M
929 1521 1035 1548 uros
1079 1505 1347 1555 Lomlonioe,
1391 1510 1429 1547 et
1471 1504 1667 1559 ejusdem
1709 1502 1793 1545 loci

509 1573 760 1615 Sororibus.

772 1707 882 1762 (Pat.
918 1709 972 1748 24
1007 1707 1127 1748 Edw.
1163 1707 1195 1748 I.
1231 1721 1284 1748 m.
1319 1708 1403 1761 523.)

451 1807 545 1849 Rex
590 1808 792 1850 omnibus
824 1809 878 1849 ad
910 1822 1026 1863 quos,
1062 1809 1147 1858 &Q
1182 1808 1378 1850 salutem.
1484 1806 1788 1856 Donationem,

390 1876 716 1925 concessionem,
750 1879 795 1917 ct
826 1876 1200 1917 confirmationem
1232 1890 1339 1931 quas
1371 1874 1629 1916 Edmundus
1659 1874 1792 1915 frater

389 1947 535 1984 noster
577 1943 823 1985 carissimus
855 1958 931 1999 per
962 1947 1127 1985 cartam
1171 1958 1294 1985 suam
1325 1943 1428 1985 fecit
1459 1943 1626 1984 dilectis
1668 1942 1792 1983 nobis

389 2010 435 2050 in
469 2010 645 2052 Christo
677 2011 907 2053 abbatissae
952 2011 1004 2052 de
1049 2012 1193 2067 gratia
1238 2011 1386 2053 Beatae
1431 2010 1584 2052 Mariae
1628 2009 1791 2051 ordinis

390 2078 562 2120 sanctae
608 2078 748 2121 Clarae
792 2082 918 2120 extra
949 2093 1095 2120 muros
1129 2079 1377 2127 Londoniae,
1412 2081 1456 2120 et
1488 2077 1679 2133 ejusdem
1710 2077 1791 2118 loci

388 2146 607 2187 sororibus
640 2146 732 2188 Deo
765 2146 928 2187 ibidem
961 2147 1255 2188 servientibus
1278 2150 1322 2188 et
1350 2146 1672 2202 imperpetuum
1705 2159 1790 2187 ser-

388 2213 559 2263 vituris,
583 2213 637 2255 de
659 2214 805 2255 decem
827 2214 938 2255 acris
960 2217 1089 2256 terrae
1121 2214 1174 2256 de
1206 2214 1422 2256 dominico
1453 2228 1530 2255 suo
1562 2214 1609 2254 in
1639 2227 1789 2269 campo

388 2280 441 2321 de
475 2280 729 2322 Hertindon
761 2280 808 2322 in
855 2281 1070 2323 comitatu
1115 2281 1301 2331 Derbiae,
1335 2285 1379 2323 et
1410 2281 1693 2322 advocatione
1724 2295 1788 2322 ec-

387 2348 526 2390 clesiae
569 2348 762 2404 ejusdem
806 2349 934 2399 vilice,
968 2348 1180 2390 habendis
1212 2353 1257 2391 et
1289 2349 1486 2391 tenendis
1523 2348 1685 2390 eisdem
1715 2348 1789 2390 ab·

387 2415 561 2457 batissae
592 2419 636 2457 et
667 2415 886 2457 sororibus
918 2419 963 2458 et
994 2431 1143 2458 earum
1175 2417 1486 2459 successoribus
1517 2417 1564 2457 in
1593 2416 1786 2465 liberam,

386 2496 551 2537 puram,
585 2486 631 2524 et
667 2486 923 2538 perpetuam
968 2484 1301 2538 eleemosynam,
1334 2487 1452 2525 ratas
1495 2483 1703 2525 habentes
1745 2486 1788 2524 et

385 2553 532 2604 gratas
564 2564 635 2591 eas
665 2564 743 2605 pro
774 2550 900 2592 nobis
932 2554 976 2592 et
1007 2551 1255 2593 haeredibus
1292 2552 1464 2603 nostris,
1498 2554 1710 2606 quantum
1741 2550 1786 2590 in

385 2617 510 2658 nobis
554 2620 651 2668 est;
702 2618 899 2674 praefatis
942 2617 1178 2660 abbatissae
1209 2622 1255 2660 et
1286 2619 1505 2661 sororibus
1548 2621 1594 2660 et
1637 2632 1784 2660 earum

385 2685 698 2727 successoribus
743 2685 1017 2728 concedimus
1061 2690 1104 2728 et
1149 2687 1464 2737 confirmamus,
1513 2687 1625 2728 sicut
1667 2688 1786 2727 carta
1901 2732 1903 2740 Ι

384 2752 593 2807 praedicta
639 2752 960 2795 rationabiliter
1004 2757 1203 2796 testatur.
1288 2755 1501 2796 Nolentes
1533 2754 1648 2809 quod
1679 2767 1785 2808 prae-
1900 2783 1903 2824 Ι

385 2820 526 2862 dictus
570 2820 828 2862 Edmundus
875 2821 945 2862 vel
991 2821 1183 2864 haeredes
1215 2822 1282 2863 sui
1313 2826 1392 2864 aut
1422 2822 1613 2878 praefatae
1656 2821 1785 2863 abba·
1900 2831 1903 2836 ·
