1905 3180
2 1846 5 1868 l

600 244 841 277 ErisroLAE.
1337 234 1425 280 397

29 358 314 418 propensioris
355 359 510 413 gratiae
544 359 737 400 favorem
761 360 917 414 juvare
961 374 1050 402 non
1083 359 1253 401 ducatis
1284 360 1427 415 indig-

29 443 143 470 num.
205 426 362 467 Valeat
402 429 560 467 vestrae
601 427 778 481 pietatis
819 427 992 468 affectio
1033 427 1081 468 in
1123 427 1307 478 Christo,
1347 431 1426 469 etc.

28 495 183 537 Pareat
210 493 330 545 mihi,
355 507 439 542 oro,
464 493 697 534 suavitatis
719 497 877 535 vestrae
908 494 1144 536 tolerantia
1175 509 1304 550 super
1333 495 1424 546 hoc,

29 562 145 618 quod
180 560 424 616 compulsus
468 561 805 602 necessariorum
840 562 1066 602 instantiis
1106 562 1425 617 benignitatem

27 633 215 672 vestram
255 629 373 669 velut
419 629 671 684 importuna
703 629 828 684 pulso
860 628 1119 683 frequentia.
1181 629 1352 671 Iterum
1374 630 1423 670 in

29 701 240 740 aeternum
275 696 428 737 valete.

616 918 836 963 CCXXX.

29 1044 422 1089 Desideratissimo
494 1045 637 1101 patri,
702 1045 862 1089 Fratri
915 1046 973 1089 W.
1024 1046 1201 1099 Bellum,
1268 1047 1431 1089 Frater

143 1113 252 1155 Acla
296 1114 499 1166 salutem,
534 1118 572 1156 ct
608 1119 711 1170 post
759 1114 924 1157 merita
974 1115 1188 1171 temporis
1232 1114 1432 1171 praemia

136 1181 392 1237 felicitatis.

89 1307 173 1349 Pro
206 1308 424 1349 carissimo
458 1307 567 1348 mihi
598 1308 646 1348 in
674 1308 850 1350 Christo
882 1307 1091 1363 magistro
1125 1308 1345 1349 Randulfo
1377 1307 1430 1349 de
1448 1306 1516 1338 For
1532 1306 1571 1338 R·
1590 1306 1630 1338 de

32 1375 240 1427 Hukelbi‚
272 1376 367 1417 viro
398 1376 594 1432 probatae
627 1376 968 1417 conversationis
1005 1379 1050 1417 et
1087 1376 1316 1418 eminentis
1356 1376 1430 1418 lit-

30 1446 248 1495 teraturae,
271 1443 379 1484 mihi
402 1458 572 1499 quoque
602 1443 650 1484 in
683 1443 857 1485 Christo
887 1444 1151 1499 praedilecto,
1180 1444 1236 1485 ad
1267 1444 1432 1500 suppli-

0 1545 1 1570 3
31 1525 120 1553 cern
161 1511 297 1566 ipsius
339 1511 596 1552 instantiam
644 1511 934 1566 benignitatis
970 1514 1129 1553 vestrae
1178 1511 1431 1553 discretioni

0 1576 255 1636 'petitionis
299 1579 428 1634 hujus
471 1580 683 1621 cartulam
733 1579 962 1630 destinavi,
1008 1594 1167 1635 rogans
1215 1580 1431 1621 attentius

33 1649 245 1702 quatenus
286 1647 427 1688 eidem
467 1647 514 1687 in
554 1647 824 1688 necessitatis
855 1646 1051 1698 articulo,
1087 1661 1215 1702 quem
1248 1647 1350 1702 ipse,
1395 1647 1431 1688 si

31 1713 181 1771 placet,
212 1714 336 1755 vobis
367 1715 471 1755 viva
501 1729 606 1756 voce
638 1718 702 1756 est
733 1715 1019 1770 expositurus,
1053 1715 1301 1756 sedulitatis
1321 1729 1433 1761 ,con-

30 1785 161 1824 suetae
190 1782 416 1824 consilium
446 1781 746 1823 favorabiliter
776 1783 980 1823 exhibere
1021 1783 1178 1834 velitis,
1216 1786 1432 1837 quatenus

33 1850 268 1892 clementiae
300 1849 582 1901 consentitur,
616 1865 694 1891 nec
725 1850 959 1891 obvenitur
988 1850 1259 1893 innocentiae.

91 1917 244 1960 Valeat
276 1918 519 1960 dilectionis
549 1921 706 1960 vestrae
737 1918 932 1959 suavitas
963 1918 1011 1959 in
1044 1918 1228 1967 Christo,
1263 1922 1340 1960 etc.

604 2164 849 2206 CCXXXI.

230 2290 390 2334 Fratri
429 2292 485 2334 W.
517 2291 684 2333 Bellum
714 2292 874 2334 Frater
904 2291 1014 2334 Acla
1044 2291 1247 2336 salutem.

1447 1351 1617 1392 Hukelby.

97 2415 263 2467 Fateor,
296 2418 356 2458 mi
389 2418 605 2460 carissime
648 2420 795 2471 frater,
833 2421 949 2476 quod
990 2421 1123 2462 variis
1155 2421 1237 2477 piae
1270 2421 1430 2463 seduli·
1447 2423 1514 2454 For
1532 2422 1621 2453 Thn-

1447 2477 1515 2498 mas
1532 2466 1570 2497 of

40 2483 143 2524 tatis
174 2486 537 2540 occupationibus,
562 2487 643 2528 sub
676 2488 833 2543 quibus
864 2492 1057 2530 vestram
1088 2504 1219 2545 supra
1250 2490 1428 2531 modum
1449 2510 1622 2543 Commu.

40 2551 248 2606 conspicio
305 2553 472 2608 jugiter
543 2555 740 2596 laborare
810 2556 1160 2607 sollicitudinem,
1232 2557 1429 2612 ingerere

41 2630 187 2659 vereor
246 2620 518 2671 importunas
579 2622 901 2664 intercessionis
964 2624 1269 2679 multiplicatae
1320 2624 1430 2679 peti-

13 2673 186 2740 sstiones.
248 2687 410 2728 Verum
457 2703 553 2729 cum
596 2690 772 2731 Thomae
815 2690 1108 2741 Cornuwario,
1152 2691 1282 2732 latori
1322 2706 1432 2746 prze-

14 2748 17 2806 ’ἵ
42 2753 236 2803 sentium,
271 2756 345 2809 qui
375 2756 522 2811 lapsus
551 2756 834 2798 facultatibus
865 2758 1128 2813 angustioris
1163 2758 1350 2799 fortunae
1387 2762 1430 2799 et

16 2823 212 2876 ,propter
245 2822 492 2864 debitorum
528 2824 785 2879 gravamina
816 2825 1131 2880 constringitur
1161 2825 1429 2881 indigentiis,

16 2882 18 2895 1
