1905 3180
196 442 283 472 How
301 440 341 470 he

194 495 272 524 may
289 488 401 514 return

194 527 381 560 Aristotle's

194 572 319 604 EthicS.

420 246 506 289 111
905 252 1011 282 ADAE
1045 252 1106 281 DE
1136 251 1331 282 MAfflsco

420 367 507 407 Hic
547 365 818 421 jussionibus
862 365 1020 406 vestris
1067 368 1247 420 paratus
1294 367 1361 406 est
1405 364 1718 419 obtemperare,
1764 377 1826 404 se-

420 434 609 475 cundum
655 433 882 474 consilium
930 433 1056 473 vobis
1100 433 1146 472 in
1179 432 1371 473 Domino
1418 432 1688 473 devotorum.
1754 430 1827 471 Li-

421 502 548 543 brum
581 501 822 542 ethicorum
856 500 1110 542 Aristotelis
1149 514 1279 554 quem
1324 499 1454 541 scribi
1487 499 1648 541 fecistis
1692 498 1830 539 vestri

418 570 571 625 gratia,
621 570 676 610 ad
717 583 824 624 opus
870 568 1184 624 religiosissimi
1230 568 1317 608 viri
1359 567 1507 609 fratris
1541 566 1744 622 Hugonis
1777 565 1830 607 de

421 638 612 686 Berions,
661 637 787 678 vobis
840 637 956 678 inter
987 636 1193 677 mortales
1238 635 1541 690 specialissime
1595 634 1758 683 devoti,
1793 633 1830 674 si

419 706 624 746 miseritis
656 705 712 746 ad
743 705 885 746 locum
906 704 1095 745 fratrum
1122 704 1342 744 minorum
1375 703 1582 754 Londini,
1622 702 1831 757 magister

420 773 574 815 Petrus
595 777 738 814 rector
770 772 957 814 ecclesiae
991 773 1043 813 de
1077 771 1382 826 XVymbledon,
1417 771 1611 812 medicus
1643 769 1830 810 dominae

420 842 595 897 reginae,
648 841 718 881 vir
770 840 1023 882 excellentis
1085 840 1351 881 litteraturae
1408 841 1452 880 et
1510 852 1681 893 magnae
1734 850 1831 892 pro-

417 909 582 958 bitatis,
625 909 676 950 (10
708 908 933 963 provincia
981 908 1200 956 oriundus,
1236 907 1379 962 ipsum
1410 906 1662 962 procurabit
1693 904 1833 946 fideli-

419 980 486 1018 ter
517 980 562 1018 et
605 991 751 1017 secure
795 976 1052 1025 transmitti,
1103 990 1159 1017 ex
1210 977 1335 1031 parte
1381 978 1540 1024 vestra,
1589 975 1830 1015 memorato

418 1044 546 1085 fratri
610 1043 804 1099 Hugoni,
854 1044 891 1084 si
935 1046 1080 1085 vestro
1128 1043 1289 1085 sederit
1334 1042 1616 1097 beneplacito.
1693 1040 1835 1096 Super

417 1113 498 1153 hoc
541 1112 705 1153 bonum
749 1111 834 1152 erit
890 1114 1111 1153 maturare
1163 1112 1278 1166 quod
1330 1114 1490 1152 vestrae
1536 1110 1682 1151 visum
1747 1108 1833 1150 erit

419 1180 679 1222 discretioni.

481 1248 772 1290 Conservetur
820 1247 1104 1288 desideranda
1134 1250 1294 1288 vestrae
1340 1245 1629 1287 beatitudinis
1672 1244 1833 1286 incolu-

420 1316 550 1356 mitas
582 1316 629 1356 in
663 1315 838 1357 Christo
872 1315 901 1356 J
905 1329 981 1356 esu
1012 1329 1181 1370 semper
1213 1318 1257 1356 et
1289 1314 1542 1356 beatissima
1564 1313 1757 1368 Virgine.

493 1383 633 1438 Super
695 1383 748 1423 iis
800 1383 1000 1424 omnibus
1046 1386 1252 1432 vestrum,
1300 1383 1337 1423 si
1380 1382 1533 1438 placet,
1575 1381 1685 1422 mihi
1730 1395 1835 1435 rogo

421 1451 653 1492 insinuetis
696 1450 1029 1505 beneplacitum,
1084 1465 1180 1491 cum
1227 1451 1286 1491 sic
1333 1450 1538 1505 expedire
1570 1449 1834 1490 censueritis.

425 1518 472 1561 Si
509 1518 838 1559 maturaveritis
875 1519 1051 1559 mittere
1083 1518 1244 1559 librum
1277 1517 1533 1559 Ethicorum
1566 1516 1833 1566 Londinuni,

420 1587 532 1628 sicut
566 1586 825 1641 praedictum
857 1589 930 1635 est,
955 1600 1031 1640 per
1062 1586 1318 1641 praedictum
1347 1586 1607 1640 magistrum
1640 1584 1832 1633 Petrum,

423 1655 497 1709 qui
529 1655 700 1695 utinam
732 1654 857 1695 vobis
889 1657 1000 1695 esset
1033 1654 1233 1709 cognitus
1275 1657 1319 1695 et
1349 1653 1586 1704 familiaris,
1620 1652 1837 1693 maturius

421 1722 635 1764 mittetur.
701 1721 773 1763 Sic
809 1720 1089 1763 conveniretl
1125 1726 1176 1762 ut
1208 1722 1377 1763 {estimo
1408 1721 1534 1762 fratri
1567 1721 1750 1776 Hugoni
1783 1720 1836 1761 (10

423 1790 632 1844 Beryonz.

482 1857 721 1912 Postquam
768 1857 921 1898 recessi
971 1872 996 1898 a
1040 1857 1166 1898 vobis
1217 1857 1368 1912 scripsi
1399 1872 1425 1898 a
1480 1856 1524 1897 N
1528 1856 1838 1912 orthamptona

422 1925 590 1980 aliquot
642 1925 794 1966 diebus
855 1928 958 1966 ante
1025 1925 1373 1980 purificationem
1435 1924 1585 1966 Beatae
1639 1924 1839 1980 Virginis

423 1998 574 2035 contra
639 1993 947 2049 presbytermn
1010 1993 1134 2034 illuni
1186 1993 1473 2048 pestilentem,
1528 1993 1603 2048 qui
1653 1992 1837 2033 frontosi

421 2062 581 2102 furoris
627 2061 878 2116 pervicacia>
911 2061 1149 2102 obsistente
1180 2061 1264 2101 sibi
1308 2060 1537 2102 Salvatore
1577 2060 1835 2109 animarum,

425 2131 608 2169 conatur
662 2128 898 2183 pervadere
950 2129 1147 2184 regimen
1194 2129 1440 2170 animarum
1486 2129 1533 2169 111
1576 2128 1741 2170 vicaria
1784 2128 1837 2170 de

426 2195 731 2237 Blokkesham.
828 2195 1003 2251 Scripsi,
1068 2197 1260 2252 inquam,
1323 2199 1474 2238 contra
1534 2196 1678 2252 ipsum
1739 2210 1837 2237 cum

425 2263 532 2313 Deo,
575 2266 628 2304 ut
670 2263 838 2304 arbitor
880 2263 1191 2313 indubitanter,
1251 2265 1460 2320 magistro
1505 2264 1740 2306 Eustachio
1785 2264 1838 2305 de

426 2330 551 2380 Len,2
601 2329 775 2371 officiali
810 2329 1074 2380 Cantuariae,
1123 2335 1168 2373 et
1210 2346 1287 2386 pro
1334 2346 1380 2373 re
1427 2332 1724 2387 promovenda
1754 2331 1839 2373 fra—

424 2399 487 2439 tri
511 2398 689 2440 Thomae
712 2398 764 2438 (10
786 2397 1013 2449 Eboraco‚3
1046 2398 1365 2453 subjectissimo
1398 2399 1655 2441 reverentiae
1682 2402 1838 2442 vestrae

423 2466 598 2515 famulo,
654 2468 841 2514 strenuo,
877 2466 1072 2514 discreto,
1118 2470 1161 2507 et
1193 2467 1414 2515 benevolo,
1458 2470 1503 2507 et
1549 2467 1596 2506 in
1638 2467 1840 2509 omnibus

426 2548 522 2588 quae
569 2534 625 2574 ad
669 2533 855 2574 salutem
904 2537 1103 2588 spectant
1150 2534 1395 2575 animarum
1448 2533 1658 2575 audenti4
1688 2534 1839 2590 vigore

425 2602 596 2643 coelitus
638 2601 918 2649 inflammato,
963 2602 1144 2642 mittens
1188 2602 1350 2643 eisdem
1392 2601 1677 2642 nihilominus
1714 2606 1839 2643 teno-

423 2684 515 2711 rem
552 2683 774 2725 processus
810 2669 955 2710 habiti
993 2684 1136 2710 coram
1167 2669 1291 2710 vobis
1334 2670 1381 2709 in
1424 2670 1539 2711 facto
1572 2669 1677 2711 dicti
1720 2684 1837 2726 pres-

468 2863 476 2881 1
494 2861 591 2899 9ιιῦ”ῐ.
1192 2859 1203 2875 ³
1221 2858 1284 2890 See
1300 2859 1405 2899 Epist.
1426 2860 1537 2892 LXX.

465 2913 478 2929 ²
496 2911 557 2944 See
574 2912 675 2953 Epist.
693 2911 863 2943 XXXIV.
884 2911 1030 2944 CXVII.
1187 2913 1198 2930 4
1217 2912 1282 2944 Sic.
1309 2912 1458 2944 ardenti?
