1905 3180
465 225 549 263 ‚328
944 232 1088 263 rmMA
1121 231 1357 263 FUNDATIO

464 350 721 390 Laurentius
764 349 815 390 de
858 348 1136 398 Alexandria,
1186 349 1318 390 laicus
1345 349 1483 390 z—Hi
1524 349 1701 390 fuerunt
1754 364 1863 391 mar-

462 417 640 472 tyrizati
673 417 718 457 in
751 416 950 457 Tartaria
983 431 1008 456 a
1040 416 1233 458 Tartar-is
1267 417 1437 458 diverso
1470 420 1672 472 tempore.

523 486 675 526 Frater
710 485 795 526 Leo
831 485 882 525 de
914 485 1141 526 Ulixbona
1176 484 1261 525 fuit
1298 485 1607 539 martyrizatus
1640 486 1695 526 ab
1716 486 1865 527 infide-

459 554 574 594 libus
606 554 652 593 in
686 552 906 593 Maroohio
939 557 1132 608 tempore
1164 553 1302 594 sancti
1335 553 1519 594 Antonii

522 621 675 663 Frater
707 621 836 661 Vitus
859 621 911 662 de
939 621 1155 675 Hispania
1184 620 1268 661 fuit
1300 620 1537 662 decollatus
1570 621 1615 662 in
1646 621 1865 662 Maroohia

462 706 487 730 a
520 689 741 730 Saracenis
773 703 850 744 pro
882 688 968 729 fide
1003 688 1174 729 Christi.

524 751 678 798 Frater
711 757 942 797 Monaldus
975 757 1026 797 do
1062 756 1282 798 Maroohio
1324 757 1485 813 recepit
1529 758 1790 814 martyrium
1821 757 1866 798 in

463 825 628 866 oriente
661 825 715 865 ab
748 824 1005 865 infidelibus.
1065 836 1068 838 ’

523 894 679 934 Frater
710 892 930 933 Antonius
962 892 1014 933 de
1046 891 1268 943 Armenia,
1313 891 1447 934 frater
1478 893 1784 935 Aldrobandus
1815 893 1866 934 de

463 961 685 1002 Florentia
702 960 839 1001 2-Hi
875 964 1129 1015 receperunt
1175 960 1436 1015 martyrium
1477 976 1555 1016 pro
1601 961 1774 1004 Christo
1820 961 1866 1001 in

462 1028 618 1069 Persia.

522 1097 675 1137 Frater
728 1096 979 1138 Barnardus
1023 1097 1075 1137 de
1123 1096 1346 1152 Aragonia
1397 1098 1560 1153 recepit
1607 1097 1864 1153 martyrium

462 1165 579 1206 inter
612 1164 753 1206 Sebes.

525 1233 679 1274 Frater
722 1232 927 1282 ‹Tae-obus,
976 1236 1119 1274 custos
1152 1232 1294 1274 Terrae
1329 1232 1512 1283 Sanctae,
1547 1233 1631 1275 fuit
1664 1232 1866 1288 martyri-

462 1304 587 1342 zatus
619 1315 696 1356 pro
727 1301 813 1341 fide
847 1301 1073 1342 Catholioa
1104 1316 1130 1341 a
1162 1300 1395 1341 Saracenis.

525 1369 678 1409 Frater
715 1368 973 1423 Stephanus,
996 1369 1230 1423 inquisitor
1260 1368 1476 1410 haereticae
1509 1369 1751 1424 pravitatis,
1784 1368 1867 1410 fuit

462 1436 797 1491 martyrizatus¹
864 1436 917 1477 ab
970 1437 1184 1478 haereticis
1235 1451 1313 1492 pro
1356 1437 1603 1478 defensione
1653 1437 1756 1478 fidei
1820 1437 1865 1478 in

463 1504 642 1545 civitate
676 1504 710 1544 T
714 1504 928 1545 holosana.

524 1572 678 1613 Frater
709 1572 1001 1613 Jheronianus
1038 1572 1122 1613 suit
1166 1572 1482 1628 martyrizatus
1514 1588 1540 1613 a
1572 1572 1751 1614 soldano
1785 1572 1866 1613 Ba-

462 1640 638 1681 bihmiae
670 1640 716 1679 in
749 1640 952 1695 AEgypto.

524 1707 677 1748 Frater
708 1707 929 1748 Antonius
981 1708 1033 1748 de
1082 1707 1339 1756 Mediolano,
1394 1707 1528 1749 frater
1571 1708 1769 1750 Andreas
1815 1708 1865 1749 de

465 1775 695 1830 hungaria
712 1774 849 1815 :-—Hi
882 1776 967 1816 duo
1011 1775 1188 1816 fuerunt
1232 1775 1507 1830 martyrizati
1540 1776 1587 1817 in
1619 1776 1781 1817 vicaria
1811 1775 1864 1816 ab

463 1842 687 1891 hoeretiois,
722 1846 915 1898 tempore
947 1847 1096 1884 tamen
1128 1843 1307 1884 diverso.

525 1910 680 1951 Frater
713 1910 936 1951 Conradus
968 1911 1020 1952 de
1048 1910 1175 1951 Albis
1207 1911 1258 1952 de
1283 1911 1530 1952 Mediolano
1562 1911 1723 1967 recepit
1754 1926 1864 1953 mar-

463 1978 629 2032 tyrium
663 1993 689 2018 a
710 1978 947 2019 Saraeenus
977 1993 1055 2033 pro
1089 1978 1174 2019 fide
1208 1978 1384 2023 Christi.

526 2046 679 2086 Frater
712 2046 941 2086 Monaldus
972 2046 1056 2087 fuit
1088 2046 1398 2101 martyrizatus
1431 2047 1477 2087 in
1510 2046 1718 2096 Tartaria,
1743 2047 1864 2102 cujus

465 2117 595 2168 eaput
626 2113 711 2154 fuit
742 2117 965 2169 portatum
997 2114 1052 2155 ad
1085 2113 1308 2155 civitatem
1341 2114 1573 2156 Anohonae.

527 2181 680 2222 Frater
727 2181 938 2222 Ricardus
981 2181 1066 2223 fuit
1118 2182 1429 2237 martyrizatus
1480 2182 1527 2222 in
1574 2181 1774 2223 Tartaria
1818 2182 1862 2222 in

464 2249 642 2289 civitate
674 2248 919 2290 Arinalecis.

524 2316 677 2358 Frater
721 2317 873 2358 Petrus
918 2317 972 2358 de
1017 2317 1248 2359 Provincia
1291 2317 1376 2359 fuit
1408 2317 1720 2373 martyrizatus
1750 2317 1862 2359 inter

465 2385 675 2425 Tartaros.
1417 2438 1420 2441 Δ

525 2452 679 2493 Frater
725 2452 753 2493 J
758 2452 947 2493 ohannes
979 2453 1031 2494 de
1065 2453 1217 2494 Monte
1264 2452 1486 2494 Puliciano
1533 2452 1617 2495 suit
1661 2452 1860 2509 martyri-

465 2524 588 2562 zatus
620 2520 666 2560 in
699 2520 943 2574 Babylonia
975 2520 1168 2576 AEgypti.

525 2588 680 2629 Frater
726 2587 987 2629 Williehnus
1034 2588 1219 2629 Walden
1251 2588 1306 2630 de
1338 2588 1500 2644 Anglia
1543 2589 1628 2630 fuit
1659 2588 1859 2644 martyri-

464 2659 585 2697 zatus
617 2671 642 2696 a
671 2655 893 2697 Saracenis
926 2659 969 2696 et
1001 2656 1249 2697 combustus
1281 2656 1327 2696 in
1359 2657 1532 2698 Perside
1575 2657 1752 2698 civitate
1785 2657 1858 2698 Sa-

462 2724 636 2765 lamasoi
668 2734 708 2764 V.
755 2723 823 2763 die
855 2724 1014 2764 mensis
1065 2724 1094 2764 J
1098 2724 1201 2773 unii,
1251 2738 1364 2764 anno
1397 2724 1576 2765 Domini
1622 2735 1857 2766 MCCCXLII.

910 2839 915 2857 ¹
942 2844 1091 2876 mortuus,
1110 2838 1183 2871 MS.
1202 2839 1266 2870 and
1283 2839 1380 2871 infra.
