1905 3180
404 231 485 269 154
895 237 1000 269 ADAE
1032 239 1092 269 DE
1122 238 1318 271 MAmsco

402 358 424 374 “
455 354 584 394 vivus
620 357 799 409 propter
847 367 977 408 quam
1015 353 1282 394 moriebatur
1319 367 1491 394 causam
1533 352 1801 399 demonstra-

401 425 423 443 “
457 421 533 462 bat
580 422 742 463 mortis.
822 421 1020 463 Visiones
1065 422 1179 463 enim
1230 436 1326 476 quae
1373 421 1468 462 illos
1510 420 1802 462 turbaverunt

401 494 424 511 ‘⁴
456 489 536 530 1100
581 490 926 545 praemonebant,
959 504 1013 531 ne
1045 489 1169 530 inscii
1211 504 1344 544 quare
1375 489 1491 530 mala
1521 489 1803 545 patiebantur

403 561 425 578 ‘⁶
457 557 650 612 perirent
668 556 705 599 :³³
766 557 883 609 Quid
920 558 1106 613 amplius
1148 557 1241 598 fieri
1283 557 1446 613 poterit
1487 560 1586 612 post
1619 556 1803 598 Domini

399 626 669 667 exercituum
706 629 798 667 tam
833 626 1024 667 validam
1061 625 1200 667 lucem
1236 626 1511 681 sagittarum,
1555 628 1647 666 tam
1679 624 1803 666 terri-

398 693 527 734 ficum
575 694 845 749 splendorem
889 693 1152 750 fulgurantis
1183 694 1332 745 hastfe,
1364 694 1449 734 nisi
1486 696 1536 734 ut
1580 693 1803 748 dirumpat

399 761 527 803 coelos
564 766 609 803 et
644 763 808 812 veniat,
847 765 890 804 et
927 762 962 804 si
995 762 1089 803 fieri
1123 765 1267 818 potest
1300 764 1471 803 montes
1503 777 1529 803 a
1572 760 1678 803 facie
1711 760 1803 815 ejus

399 829 611 871 diffluant.
677 829 906 884 Numquid
948 830 1090 871 adhuc
1142 830 1227 871 dici
1274 830 1448 885 poterit,
1494 829 1540 870 id
1587 828 1704 883 quod
1756 828 1802 868 in

399 898 581 952 epistola
626 898 926 952 subjunxistis,
976 898 1091 953 quod
1130 897 1246 938 mala
1283 900 1487 938 consueta
1530 897 1642 938 fiant
1679 896 1803 951 quasi

396 965 519 1006 licita
563 969 606 1006 et
648 980 775 1007 nemo
820 965 1081 1020 obloquitur,
1128 968 1172 1006 et
1212 965 1327 1020 quod
1371 965 1485 1006 mala
1528 968 1631 1006 sunt
1662 965 1803 1005 mani-

396 1032 535 1074 festa¹
580 1033 655 1074 sed
693 1033 887 1074 omnium
920 1033 1093 1074 silentio
1126 1033 1264 1088 magis
1296 1032 1527 1088 approbari
1561 1032 1803 1073 videntur?

397 1101 470 1141 An
512 1101 634 1150 forte,
684 1101 795 1142 sicut
848 1101 1089 1157 scripsistis,
1136 1102 1182 1141 111
1230 1104 1320 1142 tam
1363 1099 1620 1156 desperabili
1662 1103 1801 1142 tantae

398 1168 667 1210 difficultatis
719 1170 905 1225 negotio,
954 1169 1097 1225 plures
1141 1169 1267 1210 vobis
1321 1167 1555 1224 'aggregari
1607 1168 1802 1224 providit

397 1237 548 1278 divina
577 1237 874 1294 dispensatio?
926 1238 1031 1285 Aut,
1065 1237 1182 1292 quod
1214 1237 1340 1287 absit,
1377 1237 1456 1277 hoc
1490 1236 1686 1277 futurum
1719 1235 1802 1277 for-

397 1305 638 1347 midabitur
671 1306 787 1361 quod
824 1309 915 1347 tam
949 1305 1286 1347 formidabiliter
1319 1305 1608 1347 comminatur
1651 1304 1802 1346 divina

397 1373 640 1415 districtio?
707 1374 809 1414 “Et
856 1388 942 1415 11011
987 1373 1222 1414 audierunt
1271 1371 1409 1424 eum,'’
1453 1372 1665 1427 inquiens,
1715 1376 1800 1413 “eo

398 1445 420 1461 ‘⁵
453 1441 566 1495 quod
611 1441 752 1481 voluit
795 1441 1009 1482 Dominus
1047 1455 1116 1482 eos
1159 1439 1386 1482 occidere.'’
1449 1439 1575 1490 Quod
1607 1438 1799 1495 profecto

396 1523 472 1564 per
504 1523 646 1550 rerum
678 1509 826 1550 ruinas
859 1509 955 1564 plus
988 1509 1033 1549 in
1065 1509 1230 1550 foribus
1261 1508 1488 1549 imminere
1517 1507 1799 1562 conjicimus,2

397 1591 527 1631 quam
568 1577 694 1632 longe
735 1577 936 1632 positum,
976 1580 1020 1618 et
1062 1575 1296 1631 aliquando
1344 1575 1542 1616 futurum
1585 1590 1662 1630 per
1702 1590 1801 1631 pro-

396 1644 627 1699 phetarum
659 1645 1051 1700 praenuntiationes
1084 1648 1373 1700 expectamus.

458 1712 541 1753 Sed
590 1712 706 1753 inter
751 1713 896 1754 omnia
938 1712 995 1753 sit
1038 1712 1383 1754 clementissiuue
1415 1711 1675 1767 paternitati
1709 1725 1800 1754 ves-

396 1782 477 1821 trae
520 1780 783 1836 sempiterna
825 1780 1069 1831 retributio,
1103 1780 1217 1835 quod
1260 1780 1316 1821 ad
1347 1783 1438 1820 tam
1471 1779 1798 1821 desiderabilem

395 1851 531 1889 tantae
566 1847 718 1889 salutis
749 1862 930 1904 agonem
961 1851 1052 1889 tam
1083 1848 1255 1904 potenti
1287 1847 1465 1897 virtute,
1496 1851 1589 1888 tam
1622 1848 1798 1888 circum-

396 1919 541 1970 specta
572 1916 841 1966 discretione,
876 1920 967 1957 tam
1000 1915 1204 1971 diligibili
1247 1915 1535 1965 aernulatione,
1569 1915 1798 1972 indignam

396 1984 706 2039 qualiscunque
744 1984 979 2040 peccatoris
1016 1983 1314 2025 modicitatem
1357 1983 1547 2024 invitare
1584 1983 1797 2032 voluistis,

396 2055 609 2106 quatenus
652 2056 780 2093 aucto
827 2066 1007 2093 numero
1039 2052 1108 2107 pie
1141 2051 1402 2093 certantium
1435 2051 1670 2093 divinitate
1700 2066 1798 2107 pro-

394 2119 505 2174 pitia
548 2119 725 2160 hostiles
774 2120 939 2161 dextrae
987 2120 1204 2161 darentur.
1295 2120 1388 2160 Aut
1435 2122 1549 2161 certe
1596 2133 1664 2160 me
1708 2133 1797 2160 non

395 2186 628 2241 redarguat
670 2187 745 2227 illa
782 2187 1011 2229 sententiae
1044 2187 1230 2228 coelestis
1262 2187 1538 2228 vehementia
1575 2201 1660 2242 qua
1694 2186 1796 2228 dici-

395 2257 494 2294 tur:
536 2254 703 2305 “Quod
744 2255 779 2295 si
816 2255 1059 2310 speculator
1098 2254 1262 2296 viderit
1292 2254 1487 2310 gladium
1532 2254 1793 2304 venientem,

397 2326 419 2342 ‘⁶
451 2324 496 2362 et
529 2336 615 2364 non
662 2321 906 2363 insonuerit
954 2322 1146 2372 buccina,
1193 2326 1239 2363 et
1284 2322 1469 2377 populus
1515 2336 1604 2363 11011
1657 2325 1796 2364 custo-

396 2392 419 2410 “
452 2388 580 2430 dierit
624 2403 680 2440 se,
727 2389 983 2444 veneritque
1015 2389 1188 2445 gladius
1234 2393 1278 2431 et
1321 2389 1474 2430 tulerit
1516 2389 1567 2430 de
1609 2389 1670 2430 eis
1701 2389 1796 2430 ani-

396 2461 419 2477 “
451 2471 579 2506 mam,
613 2456 684 2497 ille
717 2456 891 2512 quidem
924 2457 971 2497 in
1003 2457 1239 2512 iniquitate
1271 2471 1349 2497 sua
1386 2459 1537 2511 captus
1579 2459 1655 2504 est,
1698 2471 1795 2497 san-

395 2529 418 2546 “
450 2524 629 2580 guinem
678 2528 825 2565 autem
869 2524 960 2579 ejus
993 2523 1045 2566 de
1078 2535 1211 2565 manu
1255 2523 1534 2579 speculatoris
1564 2524 1793 2579 requiram,

393 2597 416 2614 “
448 2607 537 2634 non
568 2592 751 2647 populus
783 2595 923 2641 1011·εο)
956 2593 1030 2634 sed
1062 2591 1176 2648 eg0.'’
1231 2591 1317 2633 Sed
1348 2606 1442 2634 ecce
1475 2591 1580 2632 dum
1613 2592 1793 2634 attendo

392 2659 694 2715 inattemptati
726 2660 975 2702 certaminis
1008 2659 1326 2716 permaximum
1359 2659 1602 2709 discrimen,
1649 2674 1792 2702 occur—

463 2856 658 2898 nzanfi¹5tdt‚
674 2853 749 2888 MS.
1077 2854 1083 2899 Ι
1147 2855 1159 2875 ²
1175 2855 1373 2893 convicimm,
1390 2855 1462 2888 ΜΞ,
