<?xml version="1.0" encoding="UTF-8"?>
<!DOCTYPE html PUBLIC "-//W3C//DTD XHTML 1.0 Transitional//EN"
    "http://www.w3.org/TR/xhtml1/DTD/xhtml1-transitional.dtd">
<html xmlns="http://www.w3.org/1999/xhtml" xml:lang="en" lang="en">
 <head>
  <title>
</title>
<meta http-equiv="Content-Type" content="text/html;charset=utf-8" />
  <meta name='ocr-system' content='tesseract 3.04.00' />
  <meta name='ocr-capabilities' content='ocr_page ocr_carea ocr_par ocr_line ocrx_word'/>
</head>
<body>
  <div class='ocr_page' id='page_1' title='image "./monumentafrancis01thom_0310.png"; bbox 0 0 1905 3180; ppageno 0'>
   <div class='ocr_carea' id='block_1_1' title="bbox 174 1235 384 1405">
    <p class='ocr_par' dir='ltr' id='par_1_1' title="bbox 174 1235 384 1405">
     <span class='ocr_line' id='line_1_1' title="bbox 175 1235 342 1269; baseline 0.006 -2"><span class='ocrx_word' id='word_1_1' title='bbox 175 1235 246 1268; x_wconf 86' lang='lat' dir='ltr'>The</span> <span class='ocrx_word' id='word_1_2' title='bbox 262 1236 342 1269; x_wconf 80' lang='lat' dir='ltr'>Earl</span> 
     </span>
     <span class='ocr_line' id='line_1_2' title="bbox 176 1281 384 1313; baseline 0.01 -2"><span class='ocrx_word' id='word_1_3' title='bbox 176 1281 213 1311; x_wconf 89' lang='lat' dir='ltr'>of</span> <span class='ocrx_word' id='word_1_4' title='bbox 221 1282 384 1313; x_wconf 76' lang='lat' dir='ltr'>Leieester</span> 
     </span>
     <span class='ocr_line' id='line_1_3' title="bbox 174 1325 384 1357; baseline 0.01 -2"><span class='ocrx_word' id='word_1_5' title='bbox 174 1330 207 1356; x_wconf 90' lang='lat' dir='ltr'>at</span> <span class='ocrx_word' id='word_1_6' title='bbox 218 1325 384 1357; x_wconf 81' lang='lat' dir='ltr'>Windsor.</span> 
     </span>
     <span class='ocr_line' id='line_1_4' title="bbox 177 1368 364 1405; baseline -0.016 -1"><span class='ocrx_word' id='word_1_7' title='bbox 177 1368 255 1404; x_wconf 85' lang='lat' dir='ltr'>Feb.</span> <span class='ocrx_word' id='word_1_8' title='bbox 273 1371 364 1405; x_wconf 77' lang='lat' dir='ltr'>25th,</span> 
     </span>
    </p>
   </div>
   <div class='ocr_carea' id='block_1_2' title="bbox 399 220 1302 258">
    <p class='ocr_par' dir='ltr' id='par_1_2' title="bbox 399 220 1302 258">
     <span class='ocr_line' id='line_1_5' title="bbox 399 220 1302 258; baseline -0.008 0"><span class='ocrx_word' id='word_1_9' title='bbox 399 220 480 258; x_wconf 79' lang='lat'>152</span> <span class='ocrx_word' id='word_1_10' title='bbox 878 224 982 254; x_wconf 73' lang='lat' dir='ltr'>ADAE</span> <span class='ocrx_word' id='word_1_11' title='bbox 1016 225 1076 255; x_wconf 81' lang='lat' dir='ltr'>DE</span> <span class='ocrx_word' id='word_1_12' title='bbox 1106 223 1302 255; x_wconf 74' lang='lat' dir='ltr'>MAmsco</span> 
     </span>
    </p>
   </div>
   <div class='ocr_carea' id='block_1_3' title="bbox 393 344 1804 2694">
    <p class='ocr_par' dir='ltr' id='par_1_3' title="bbox 393 344 1798 1215">
     <span class='ocr_line' id='line_1_6' title="bbox 394 344 1795 398; baseline -0.003 -8"><span class='ocrx_word' id='word_1_13' title='bbox 394 349 635 391; x_wconf 76' lang='lat' dir='ltr'>videntiam</span> <span class='ocrx_word' id='word_1_14' title='bbox 686 350 937 398; x_wconf 73' lang='lat' dir='ltr'>monstrata,</span> <span class='ocrx_word' id='word_1_15' title='bbox 991 347 1036 388; x_wconf 87' lang='lat' dir='ltr'>in</span> <span class='ocrx_word' id='word_1_16' title='bbox 1087 347 1249 389; x_wconf 86' lang='lat' dir='ltr'>bonum</span> <span class='ocrx_word' id='word_1_17' title='bbox 1297 349 1613 388; x_wconf 72' lang='lat' dir='ltr'>convertantur.</span> <span class='ocrx_word' id='word_1_18' title='bbox 1690 344 1733 386; x_wconf 92' lang='lat' dir='ltr'>N</span> <span class='ocrx_word' id='word_1_19' title='bbox 1738 359 1795 386; x_wconf 86' lang='lat' dir='ltr'>on</span> 
     </span>
     <span class='ocr_line' id='line_1_7' title="bbox 395 412 1794 471; baseline -0.003 -14"><span class='ocrx_word' id='word_1_20' title='bbox 395 417 523 471; x_wconf 85' lang='lat' dir='ltr'>hujus</span> <span class='ocrx_word' id='word_1_21' title='bbox 570 420 662 457; x_wconf 75' lang='lat' dir='ltr'>tam</span> <span class='ocrx_word' id='word_1_22' title='bbox 704 416 912 457; x_wconf 65' lang='lat' dir='ltr'>mirandae</span> <span class='ocrx_word' id='word_1_23' title='bbox 955 415 1168 458; x_wconf 85' lang='lat' dir='ltr'>novitatis</span> <span class='ocrx_word' id='word_1_24' title='bbox 1214 429 1283 456; x_wconf 90' lang='lat' dir='ltr'>me</span> <span class='ocrx_word' id='word_1_25' title='bbox 1331 418 1549 455; x_wconf 82' lang='lat' dir='ltr'>auctorem</span> <span class='ocrx_word' id='word_1_26' title='bbox 1599 412 1794 461; x_wconf 72' lang='lat' dir='ltr'>exhibeo&gt;</span> 
     </span>
     <span class='ocr_line' id='line_1_8' title="bbox 393 482 1796 538; baseline -0.002 -15"><span class='ocrx_word' id='word_1_27' title='bbox 393 484 467 525; x_wconf 68' lang='lat' dir='ltr'>sed</span> <span class='ocrx_word' id='word_1_28' title='bbox 501 483 633 525; x_wconf 86' lang='lat' dir='ltr'>recito</span> <span class='ocrx_word' id='word_1_29' title='bbox 671 483 785 538; x_wconf 86' lang='lat' dir='ltr'>quod</span> <span class='ocrx_word' id='word_1_30' title='bbox 821 498 889 524; x_wconf 91' lang='lat' dir='ltr'>me</span> <span class='ocrx_word' id='word_1_31' title='bbox 921 482 1126 524; x_wconf 87' lang='lat' dir='ltr'>audiente</span> <span class='ocrx_word' id='word_1_32' title='bbox 1161 482 1313 524; x_wconf 88' lang='lat' dir='ltr'>retulit</span> <span class='ocrx_word' id='word_1_33' title='bbox 1344 482 1596 537; x_wconf 72' lang='lat' dir='ltr'>exceptione</span> <span class='ocrx_word' id='word_1_34' title='bbox 1637 495 1796 536; x_wconf 83' lang='lat' dir='ltr'>magna</span> 
     </span>
     <span class='ocr_line' id='line_1_9' title="bbox 394 548 1796 606; baseline -0.002 -15"><span class='ocrx_word' id='word_1_35' title='bbox 394 551 533 606; x_wconf 83' lang='lat' dir='ltr'>majus</span> <span class='ocrx_word' id='word_1_36' title='bbox 586 551 894 592; x_wconf 83' lang='lat' dir='ltr'>testimonium.</span> <span class='ocrx_word' id='word_1_37' title='bbox 996 550 1325 606; x_wconf 78' lang='lat' dir='ltr'>Benignissimae</span> <span class='ocrx_word' id='word_1_38' title='bbox 1376 549 1634 605; x_wconf 72' lang='lat' dir='ltr'>paternitati</span> <span class='ocrx_word' id='word_1_39' title='bbox 1692 548 1796 590; x_wconf 85' lang='lat' dir='ltr'>olim</span> 
     </span>
     <span class='ocr_line' id='line_1_10' title="bbox 394 616 1794 675; baseline -0.003 -15"><span class='ocrx_word' id='word_1_40' title='bbox 394 622 643 675; x_wconf 74' lang='lat' dir='ltr'>conceptam</span> <span class='ocrx_word' id='word_1_41' title='bbox 696 618 952 667; x_wconf 79' lang='lat' dir='ltr'>molestiam,</span> <span class='ocrx_word' id='word_1_42' title='bbox 996 633 1126 673; x_wconf 83' lang='lat' dir='ltr'>quam</span> <span class='ocrx_word' id='word_1_43' title='bbox 1173 617 1356 659; x_wconf 83' lang='lat' dir='ltr'>ulterius</span> <span class='ocrx_word' id='word_1_44' title='bbox 1407 620 1552 658; x_wconf 86' lang='lat' dir='ltr'>tenere</span> <span class='ocrx_word' id='word_1_45' title='bbox 1603 616 1794 671; x_wconf 80' lang='lat' dir='ltr'>nequivi,</span> 
     </span>
     <span class='ocr_line' id='line_1_11' title="bbox 395 684 1796 742; baseline -0.003 -14"><span class='ocrx_word' id='word_1_46' title='bbox 395 687 552 742; x_wconf 84' lang='lat' dir='ltr'>aperio,</span> <span class='ocrx_word' id='word_1_47' title='bbox 602 701 653 727; x_wconf 84' lang='lat' dir='ltr'>sc.</span> <span class='ocrx_word' id='word_1_48' title='bbox 707 686 868 742; x_wconf 84' lang='lat' dir='ltr'>pavido</span> <span class='ocrx_word' id='word_1_49' title='bbox 912 686 1075 742; x_wconf 81' lang='lat' dir='ltr'>pectori</span> <span class='ocrx_word' id='word_1_50' title='bbox 1121 685 1375 727; x_wconf 73' lang='lat' dir='ltr'>maestitiam</span> <span class='ocrx_word' id='word_1_51' title='bbox 1431 684 1581 741; x_wconf 84' lang='lat' dir='ltr'>jugem</span> <span class='ocrx_word' id='word_1_52' title='bbox 1634 684 1796 725; x_wconf 88' lang='lat' dir='ltr'>incum-</span> 
     </span>
     <span class='ocr_line' id='line_1_12' title="bbox 394 752 1798 810; baseline -0.001 -15"><span class='ocrx_word' id='word_1_53' title='bbox 394 755 506 805; x_wconf 83' lang='lat' dir='ltr'>bere,</span> <span class='ocrx_word' id='word_1_54' title='bbox 560 757 713 810; x_wconf 88' lang='lat' dir='ltr'>utpote</span> <span class='ocrx_word' id='word_1_55' title='bbox 759 754 930 795; x_wconf 83' lang='lat' dir='ltr'>verenti</span> <span class='ocrx_word' id='word_1_56' title='bbox 983 754 1217 795; x_wconf 83' lang='lat' dir='ltr'>admodum</span> <span class='ocrx_word' id='word_1_57' title='bbox 1266 768 1320 794; x_wconf 87' lang='lat' dir='ltr'>ne</span> <span class='ocrx_word' id='word_1_58' title='bbox 1377 752 1494 793; x_wconf 80' lang='lat' dir='ltr'>viam</span> <span class='ocrx_word' id='word_1_59' title='bbox 1544 752 1798 794; x_wconf 87' lang='lat' dir='ltr'>eminentio-</span> 
     </span>
     <span class='ocr_line' id='line_1_13' title="bbox 395 820 1798 877; baseline -0.001 -15"><span class='ocrx_word' id='word_1_60' title='bbox 395 837 484 863; x_wconf 87' lang='lat' dir='ltr'>rem</span> <span class='ocrx_word' id='word_1_61' title='bbox 528 821 808 877; x_wconf 69' lang='lat' dir='ltr'>speculativae</span> <span class='ocrx_word' id='word_1_62' title='bbox 849 821 1070 862; x_wconf 74' lang='lat' dir='ltr'>felicitatis</span> <span class='ocrx_word' id='word_1_63' title='bbox 1114 821 1327 862; x_wconf 79' lang='lat' dir='ltr'>maturior</span> <span class='ocrx_word' id='word_1_64' title='bbox 1370 821 1515 862; x_wconf 82' lang='lat' dir='ltr'>exitus</span> <span class='ocrx_word' id='word_1_65' title='bbox 1557 820 1798 862; x_wconf 81' lang='lat' dir='ltr'>fatiscentis</span> 
     </span>
     <span class='ocr_line' id='line_1_14' title="bbox 395 887 1796 938; baseline -0.002 -7"><span class='ocrx_word' id='word_1_66' title='bbox 395 890 540 931; x_wconf 50' lang='lat' dir='ltr'>{etatis</span> <span class='ocrx_word' id='word_1_67' title='bbox 576 890 783 930; x_wconf 82' lang='lat' dir='ltr'>frustrato</span> <span class='ocrx_word' id='word_1_68' title='bbox 815 889 1036 938; x_wconf 81' lang='lat' dir='ltr'>desiderio,</span> <span class='ocrx_word' id='word_1_69' title='bbox 1075 889 1190 930; x_wconf 89' lang='lat' dir='ltr'>inter</span> <span class='ocrx_word' id='word_1_70' title='bbox 1230 888 1353 929; x_wconf 83' lang='lat' dir='ltr'>varia</span> <span class='ocrx_word' id='word_1_71' title='bbox 1388 887 1494 930; x_wconf 71' lang='lat' dir='ltr'>vitae</span> <span class='ocrx_word' id='word_1_72' title='bbox 1535 888 1796 936; x_wconf 83' lang='lat' dir='ltr'>turbamina,</span> 
     </span>
     <span class='ocr_line' id='line_1_15' title="bbox 397 955 1798 1012; baseline -0.001 -15"><span class='ocrx_word' id='word_1_73' title='bbox 397 957 517 1003; x_wconf 88' lang='lat' dir='ltr'>mihi,</span> <span class='ocrx_word' id='word_1_74' title='bbox 561 957 675 1011; x_wconf 86' lang='lat' dir='ltr'>quod</span> <span class='ocrx_word' id='word_1_75' title='bbox 728 956 854 1005; x_wconf 82' lang='lat' dir='ltr'>absit,</span> <span class='ocrx_word' id='word_1_76' title='bbox 888 957 1012 1005; x_wconf 81' lang='lat' dir='ltr'>absit,</span> <span class='ocrx_word' id='word_1_77' title='bbox 1051 956 1314 1012; x_wconf 85' lang='lat' dir='ltr'>intercipiat.</span> <span class='ocrx_word' id='word_1_78' title='bbox 1401 956 1643 1012; x_wconf 80' lang='lat' dir='ltr'>Prospiciat</span> <span class='ocrx_word' id='word_1_79' title='bbox 1673 955 1798 997; x_wconf 84' lang='lat' dir='ltr'>nobis</span> 
     </span>
     <span class='ocr_line' id='line_1_16' title="bbox 398 1023 1797 1079; baseline -0.001 -15"><span class='ocrx_word' id='word_1_80' title='bbox 398 1026 575 1079; x_wconf 85' lang='lat' dir='ltr'>propter</span> <span class='ocrx_word' id='word_1_81' title='bbox 609 1024 888 1079; x_wconf 84' lang='lat' dir='ltr'>semetipsum</span> <span class='ocrx_word' id='word_1_82' title='bbox 926 1039 975 1065; x_wconf 85' lang='lat' dir='ltr'>ea</span> <span class='ocrx_word' id='word_1_83' title='bbox 1008 1024 1242 1075; x_wconf 86' lang='lat' dir='ltr'>celeritate,</span> <span class='ocrx_word' id='word_1_84' title='bbox 1272 1039 1402 1079; x_wconf 79' lang='lat' dir='ltr'>quam</span> <span class='ocrx_word' id='word_1_85' title='bbox 1438 1024 1537 1079; x_wconf 82' lang='lat' dir='ltr'>Ipse</span> <span class='ocrx_word' id='word_1_86' title='bbox 1567 1023 1695 1065; x_wconf 88' lang='lat' dir='ltr'>novit</span> <span class='ocrx_word' id='word_1_87' title='bbox 1723 1023 1797 1078; x_wconf 86' lang='lat' dir='ltr'>qui</span> 
     </span>
     <span class='ocr_line' id='line_1_17' title="bbox 399 1091 1798 1147; baseline -0.001 -15"><span class='ocrx_word' id='word_1_88' title='bbox 399 1095 465 1133; x_wconf 81' lang='lat' dir='ltr'>est</span> <span class='ocrx_word' id='word_1_89' title='bbox 496 1092 571 1132; x_wconf 85' lang='lat' dir='ltr'>via</span> <span class='ocrx_word' id='word_1_90' title='bbox 593 1106 669 1147; x_wconf 84' lang='lat' dir='ltr'>per</span> <span class='ocrx_word' id='word_1_91' title='bbox 691 1106 821 1146; x_wconf 87' lang='lat' dir='ltr'>quam</span> <span class='ocrx_word' id='word_1_92' title='bbox 854 1091 954 1140; x_wconf 88' lang='lat' dir='ltr'>itur,</span> <span class='ocrx_word' id='word_1_93' title='bbox 978 1092 1141 1133; x_wconf 83' lang='lat' dir='ltr'>veritas</span> <span class='ocrx_word' id='word_1_94' title='bbox 1173 1092 1228 1132; x_wconf 82' lang='lat' dir='ltr'>ad</span> <span class='ocrx_word' id='word_1_95' title='bbox 1262 1106 1392 1146; x_wconf 87' lang='lat' dir='ltr'>quam</span> <span class='ocrx_word' id='word_1_96' title='bbox 1424 1091 1612 1141; x_wconf 81' lang='lat' dir='ltr'>venitur,</span> <span class='ocrx_word' id='word_1_97' title='bbox 1636 1091 1731 1133; x_wconf 87' lang='lat' dir='ltr'>vita</span> <span class='ocrx_word' id='word_1_98' title='bbox 1754 1091 1798 1131; x_wconf 86' lang='lat' dir='ltr'>in</span> 
     </span>
     <span class='ocr_line' id='line_1_18' title="bbox 402 1158 1410 1215; baseline -0.001 -15"><span class='ocrx_word' id='word_1_99' title='bbox 402 1174 489 1214; x_wconf 86' lang='lat' dir='ltr'>qua</span> <span class='ocrx_word' id='word_1_100' title='bbox 510 1162 799 1215; x_wconf 84' lang='lat' dir='ltr'>permanetur.</span> <span class='ocrx_word' id='word_1_101' title='bbox 883 1159 1034 1209; x_wconf 87' lang='lat' dir='ltr'>Amen,</span> <span class='ocrx_word' id='word_1_102' title='bbox 1070 1158 1224 1207; x_wconf 90' lang='lat' dir='ltr'>Amen,</span> <span class='ocrx_word' id='word_1_103' title='bbox 1258 1159 1410 1200; x_wconf 90' lang='lat' dir='ltr'>Amen.</span> 
     </span>
    </p>

    <p class='ocr_par' dir='ltr' id='par_1_4' title="bbox 397 1227 1804 2694">
     <span class='ocr_line' id='line_1_19' title="bbox 462 1227 1801 1283; baseline 0.001 -16"><span class='ocrx_word' id='word_1_104' title='bbox 462 1227 533 1268; x_wconf 80' lang='lat' dir='ltr'>Ad</span> <span class='ocrx_word' id='word_1_105' title='bbox 564 1227 866 1269; x_wconf 85' lang='lat' dir='ltr'>vehementem</span> <span class='ocrx_word' id='word_1_106' title='bbox 898 1227 1084 1269; x_wconf 80' lang='lat' dir='ltr'>dominae</span> <span class='ocrx_word' id='word_1_107' title='bbox 1116 1228 1275 1283; x_wconf 70' lang='lat' dir='ltr'>reginae</span> <span class='ocrx_word' id='word_1_108' title='bbox 1317 1227 1582 1277; x_wconf 78' lang='lat' dir='ltr'>instantiam,</span> <span class='ocrx_word' id='word_1_109' title='bbox 1616 1227 1660 1268; x_wconf 90' lang='lat' dir='ltr'>in</span> <span class='ocrx_word' id='word_1_110' title='bbox 1692 1241 1801 1269; x_wconf 82' lang='lat' dir='ltr'>cras-</span> 
     </span>
     <span class='ocr_line' id='line_1_20' title="bbox 402 1294 1801 1351; baseline 0.001 -15"><span class='ocrx_word' id='word_1_111' title='bbox 402 1295 496 1336; x_wconf 87' lang='lat' dir='ltr'>tino</span> <span class='ocrx_word' id='word_1_112' title='bbox 520 1295 646 1336; x_wconf 90' lang='lat' dir='ltr'>Beati</span> <span class='ocrx_word' id='word_1_113' title='bbox 679 1295 882 1337; x_wconf 67' lang='lat' dir='ltr'>Matthiae</span> <span class='ocrx_word' id='word_1_114' title='bbox 905 1294 959 1335; x_wconf 82' lang='lat' dir='ltr'>ab</span> <span class='ocrx_word' id='word_1_115' title='bbox 982 1295 1154 1336; x_wconf 80' lang='lat' dir='ltr'>Oxonia</span> <span class='ocrx_word' id='word_1_116' title='bbox 1184 1295 1399 1351; x_wconf 86' lang='lat' dir='ltr'>profectus</span> <span class='ocrx_word' id='word_1_117' title='bbox 1429 1310 1525 1337; x_wconf 84' lang='lat' dir='ltr'>sum</span> <span class='ocrx_word' id='word_1_118' title='bbox 1555 1295 1801 1351; x_wconf 71' lang='lat' dir='ltr'>Radingas3</span> 
     </span>
     <span class='ocr_line' id='line_1_21' title="bbox 402 1361 1802 1419; baseline 0.001 -16"><span class='ocrx_word' id='word_1_119' title='bbox 402 1363 476 1403; x_wconf 82' lang='lat' dir='ltr'>ubi</span> <span class='ocrx_word' id='word_1_120' title='bbox 509 1361 769 1403; x_wconf 80' lang='lat' dir='ltr'>tractatibus</span> <span class='ocrx_word' id='word_1_121' title='bbox 810 1361 971 1403; x_wconf 82' lang='lat' dir='ltr'>habitis</span> <span class='ocrx_word' id='word_1_122' title='bbox 1003 1363 1054 1404; x_wconf 77' lang='lat' dir='ltr'>&lt;le</span> <span class='ocrx_word' id='word_1_123' title='bbox 1086 1363 1284 1418; x_wconf 52' lang='lat' dir='ltr'>negotiis</span> <span class='ocrx_word' id='word_1_124' title='bbox 1318 1363 1541 1405; x_wconf 85' lang='lat' dir='ltr'>dominum</span> <span class='ocrx_word' id='word_1_125' title='bbox 1582 1378 1725 1419; x_wconf 81' lang='lat' dir='ltr'>regem</span> <span class='ocrx_word' id='word_1_126' title='bbox 1757 1366 1802 1404; x_wconf 92' lang='lat' dir='ltr'>et</span> 
     </span>
     <span class='ocr_line' id='line_1_22' title="bbox 399 1430 1801 1487; baseline 0.001 -17"><span class='ocrx_word' id='word_1_127' title='bbox 399 1444 497 1471; x_wconf 82' lang='lat' dir='ltr'>suos</span> <span class='ocrx_word' id='word_1_128' title='bbox 538 1430 732 1471; x_wconf 80' lang='lat' dir='ltr'>haeredes</span> <span class='ocrx_word' id='word_1_129' title='bbox 773 1430 1140 1485; x_wconf 79' lang='lat' dir='ltr'>contingentibus,</span> <span class='ocrx_word' id='word_1_130' title='bbox 1178 1431 1285 1472; x_wconf 88' lang='lat' dir='ltr'>feria</span> <span class='ocrx_word' id='word_1_131' title='bbox 1326 1434 1460 1479; x_wconf 76' lang='lat' dir='ltr'>sexta,</span> <span class='ocrx_word' id='word_1_132' title='bbox 1499 1431 1697 1487; x_wconf 79' lang='lat' dir='ltr'>proxima</span> <span class='ocrx_word' id='word_1_133' title='bbox 1738 1446 1801 1472; x_wconf 80' lang='lat' dir='ltr'>se-</span> 
     </span>
     <span class='ocr_line' id='line_1_23' title="bbox 399 1498 1799 1554; baseline 0.001 -17"><span class='ocrx_word' id='word_1_134' title='bbox 399 1502 571 1552; x_wconf 85' lang='lat' dir='ltr'>quente,</span> <span class='ocrx_word' id='word_1_135' title='bbox 604 1500 780 1553; x_wconf 88' lang='lat' dir='ltr'>propter</span> <span class='ocrx_word' id='word_1_136' title='bbox 812 1498 959 1538; x_wconf 82' lang='lat' dir='ltr'>eadem</span> <span class='ocrx_word' id='word_1_137' title='bbox 992 1499 1168 1554; x_wconf 84' lang='lat' dir='ltr'>negotia</span> <span class='ocrx_word' id='word_1_138' title='bbox 1201 1499 1409 1540; x_wconf 86' lang='lat' dir='ltr'>transtuli</span> <span class='ocrx_word' id='word_1_139' title='bbox 1440 1514 1508 1539; x_wconf 90' lang='lat' dir='ltr'>me</span> <span class='ocrx_word' id='word_1_140' title='bbox 1541 1498 1799 1554; x_wconf 67' lang='lat' dir='ltr'>Odfflgham,</span> 
     </span>
     <span class='ocr_line' id='line_1_24' title="bbox 398 1564 1801 1622; baseline 0.002 -17"><span class='ocrx_word' id='word_1_141' title='bbox 398 1565 499 1606; x_wconf 88' lang='lat' dir='ltr'>licet</span> <span class='ocrx_word' id='word_1_142' title='bbox 531 1580 661 1619; x_wconf 85' lang='lat' dir='ltr'>quam</span> <span class='ocrx_word' id='word_1_143' title='bbox 693 1564 929 1620; x_wconf 88' lang='lat' dir='ltr'>plurimum</span> <span class='ocrx_word' id='word_1_144' title='bbox 961 1565 1041 1607; x_wconf 92' lang='grc'>1100</span> <span class='ocrx_word' id='word_1_145' title='bbox 1073 1569 1183 1607; x_wconf 81' lang='lat' dir='ltr'>esset</span> <span class='ocrx_word' id='word_1_146' title='bbox 1214 1566 1322 1607; x_wconf 87' lang='lat' dir='ltr'>mihi</span> <span class='ocrx_word' id='word_1_147' title='bbox 1353 1566 1612 1618; x_wconf 82' lang='lat' dir='ltr'>molestum3</span> <span class='ocrx_word' id='word_1_148' title='bbox 1654 1567 1801 1622; x_wconf 82' lang='lat' dir='ltr'>ibique</span> 
     </span>
     <span class='ocr_line' id='line_1_25' title="bbox 400 1632 1801 1690; baseline 0.001 -17"><span class='ocrx_word' id='word_1_149' title='bbox 400 1647 520 1674; x_wconf 82' lang='lat' dir='ltr'>mora</span> <span class='ocrx_word' id='word_1_150' title='bbox 557 1632 680 1681; x_wconf 84' lang='lat' dir='ltr'>facta,</span> <span class='ocrx_word' id='word_1_151' title='bbox 706 1647 839 1687; x_wconf 83' lang='lat' dir='ltr'>usque</span> <span class='ocrx_word' id='word_1_152' title='bbox 872 1633 926 1673; x_wconf 79' lang='lat' dir='ltr'>ad</span> <span class='ocrx_word' id='word_1_153' title='bbox 952 1633 1102 1674; x_wconf 88' lang='lat' dir='ltr'>feriam</span> <span class='ocrx_word' id='word_1_154' title='bbox 1135 1634 1364 1675; x_wconf 85' lang='lat' dir='ltr'>secundam</span> <span class='ocrx_word' id='word_1_155' title='bbox 1386 1634 1588 1689; x_wconf 82' lang='lat' dir='ltr'>proximo</span> <span class='ocrx_word' id='word_1_156' title='bbox 1622 1649 1801 1690; x_wconf 85' lang='lat' dir='ltr'>sequen-</span> 
     </span>
     <span class='ocr_line' id='line_1_26' title="bbox 399 1700 1800 1757; baseline 0.002 -17"><span class='ocrx_word' id='word_1_157' title='bbox 399 1703 500 1748; x_wconf 84' lang='lat' dir='ltr'>tem,</span> <span class='ocrx_word' id='word_1_158' title='bbox 534 1700 641 1741; x_wconf 86' lang='lat' dir='ltr'>redii</span> <span class='ocrx_word' id='word_1_159' title='bbox 676 1700 908 1755; x_wconf 74' lang='lat' dir='ltr'>Radingas‚</span> <span class='ocrx_word' id='word_1_160' title='bbox 942 1703 986 1742; x_wconf 88' lang='lat' dir='ltr'>et</span> <span class='ocrx_word' id='word_1_161' title='bbox 1017 1701 1123 1742; x_wconf 86' lang='lat' dir='ltr'>feria</span> <span class='ocrx_word' id='word_1_162' title='bbox 1160 1701 1315 1756; x_wconf 83' lang='lat' dir='ltr'>quinta</span> <span class='ocrx_word' id='word_1_163' title='bbox 1357 1702 1500 1743; x_wconf 57' lang='lat' dir='ltr'>tertiae</span> <span class='ocrx_word' id='word_1_164' title='bbox 1547 1702 1800 1757; x_wconf 74' lang='lat' dir='ltr'>septimanae</span> 
     </span>
     <span class='ocr_line' id='line_1_27' title="bbox 400 1767 1803 1823; baseline 0.003 -16"><span class='ocrx_word' id='word_1_165' title='bbox 400 1768 446 1807; x_wconf 85' lang='lat' dir='ltr'>in</span> <span class='ocrx_word' id='word_1_166' title='bbox 479 1767 807 1823; x_wconf 81' lang='lat' dir='ltr'>quadragesima</span> <span class='ocrx_word' id='word_1_167' title='bbox 848 1768 1001 1809; x_wconf 84' lang='lat' dir='ltr'>accessi</span> <span class='ocrx_word' id='word_1_168' title='bbox 1034 1768 1281 1819; x_wconf 75' lang='lat' dir='ltr'>Brumhale,</span> <span class='ocrx_word' id='word_1_169' title='bbox 1325 1769 1371 1809; x_wconf 91' lang='grc'>111</span> <span class='ocrx_word' id='word_1_170' title='bbox 1415 1784 1590 1811; x_wconf 79' lang='lat' dir='ltr'>occursu</span> <span class='ocrx_word' id='word_1_171' title='bbox 1631 1771 1803 1812; x_wconf 85' lang='lat' dir='ltr'>comitis</span> 
     </span>
     <span class='ocr_line' id='line_1_28' title="bbox 399 1835 1802 1890; baseline 0.003 -15"><span class='ocrx_word' id='word_1_172' title='bbox 399 1838 443 1875; x_wconf 90' lang='lat' dir='ltr'>et</span> <span class='ocrx_word' id='word_1_173' title='bbox 475 1835 706 1876; x_wconf 77' lang='lat' dir='ltr'>comitissae</span> <span class='ocrx_word' id='word_1_174' title='bbox 739 1835 1011 1890; x_wconf 75' lang='lat' dir='ltr'>Leycestriae,</span> <span class='ocrx_word' id='word_1_175' title='bbox 1035 1836 1137 1890; x_wconf 84' lang='lat' dir='ltr'>quia</span> <span class='ocrx_word' id='word_1_176' title='bbox 1168 1850 1307 1878; x_wconf 82' lang='lat' dir='ltr'>comes</span> <span class='ocrx_word' id='word_1_177' title='bbox 1340 1840 1384 1878; x_wconf 91' lang='lat' dir='ltr'>et</span> <span class='ocrx_word' id='word_1_178' title='bbox 1415 1837 1615 1879; x_wconf 82' lang='lat' dir='ltr'>dominus</span> <span class='ocrx_word' id='word_1_179' title='bbox 1648 1838 1802 1880; x_wconf 85' lang='lat' dir='ltr'>Petrus</span> 
     </span>
     <span class='ocr_line' id='line_1_29' title="bbox 399 1902 1802 1959; baseline 0.004 -17"><span class='ocrx_word' id='word_1_180' title='bbox 399 1902 450 1944; x_wconf 92' lang='lat' dir='ltr'>de</span> <span class='ocrx_word' id='word_1_181' title='bbox 473 1902 701 1952; x_wconf 73' lang='lat' dir='ltr'>sabaudia,</span> <span class='ocrx_word' id='word_1_182' title='bbox 727 1902 832 1943; x_wconf 85' lang='lat' dir='ltr'>feria</span> <span class='ocrx_word' id='word_1_183' title='bbox 863 1903 1018 1957; x_wconf 86' lang='lat' dir='ltr'>quinta</span> <span class='ocrx_word' id='word_1_184' title='bbox 1049 1904 1209 1953; x_wconf 75' lang='lat' dir='ltr'>eadem,</span> <span class='ocrx_word' id='word_1_185' title='bbox 1228 1904 1557 1959; x_wconf 86' lang='lat' dir='ltr'>Wyndeshovre</span> <span class='ocrx_word' id='word_1_186' title='bbox 1589 1911 1802 1948; x_wconf 85' lang='lat' dir='ltr'>venerunt</span> 
     </span>
     <span class='ocr_line' id='line_1_30' title="bbox 398 1970 1801 2029; baseline 0.005 -20"><span class='ocrx_word' id='word_1_187' title='bbox 398 1970 453 2011; x_wconf 83' lang='lat' dir='ltr'>ad</span> <span class='ocrx_word' id='word_1_188' title='bbox 486 1970 705 2011; x_wconf 88' lang='lat' dir='ltr'>dominam</span> <span class='ocrx_word' id='word_1_189' title='bbox 738 1970 945 2026; x_wconf 83' lang='lat' dir='ltr'>reginam.</span> <span class='ocrx_word' id='word_1_190' title='bbox 1010 1971 1134 2013; x_wconf 81' lang='lat' dir='ltr'>Sicut</span> <span class='ocrx_word' id='word_1_191' title='bbox 1170 1972 1396 2014; x_wconf 88' lang='lat' dir='ltr'>evidenter</span> <span class='ocrx_word' id='word_1_192' title='bbox 1426 1973 1565 2029; x_wconf 89' lang='lat' dir='ltr'>liquet</span> <span class='ocrx_word' id='word_1_193' title='bbox 1599 1974 1801 2016; x_wconf 87' lang='lat' dir='ltr'>continue</span> 
     </span>
     <span class='ocr_line' id='line_1_31' title="bbox 399 2037 1801 2097; baseline 0.005 -20"><span class='ocrx_word' id='word_1_194' title='bbox 399 2040 444 2078; x_wconf 93' lang='lat' dir='ltr'>et</span> <span class='ocrx_word' id='word_1_195' title='bbox 476 2037 811 2079; x_wconf 84' lang='lat' dir='ltr'>intolerabiliter</span> <span class='ocrx_word' id='word_1_196' title='bbox 843 2039 1007 2080; x_wconf 90' lang='lat' dir='ltr'>crucior</span> <span class='ocrx_word' id='word_1_197' title='bbox 1037 2039 1183 2082; x_wconf 87' lang='lat' dir='ltr'>labore</span> <span class='ocrx_word' id='word_1_198' title='bbox 1215 2041 1403 2097; x_wconf 87' lang='lat' dir='ltr'>corporis</span> <span class='ocrx_word' id='word_1_199' title='bbox 1435 2045 1480 2083; x_wconf 86' lang='lat' dir='ltr'>et</span> <span class='ocrx_word' id='word_1_200' title='bbox 1511 2042 1801 2084; x_wconf 85' lang='lat' dir='ltr'>sollicitudine</span> 
     </span>
     <span class='ocr_line' id='line_1_32' title="bbox 398 2105 1802 2152; baseline 0.006 -8"><span class='ocrx_word' id='word_1_201' title='bbox 398 2105 570 2152; x_wconf 87' lang='lat' dir='ltr'>mentis,</span> <span class='ocrx_word' id='word_1_202' title='bbox 594 2105 701 2145; x_wconf 83' lang='lat' dir='ltr'>adeo</span> <span class='ocrx_word' id='word_1_203' title='bbox 732 2108 784 2145; x_wconf 90' lang='lat' dir='ltr'>ut</span> <span class='ocrx_word' id='word_1_204' title='bbox 814 2106 1021 2147; x_wconf 82' lang='lat' dir='ltr'>nimirum</span> <span class='ocrx_word' id='word_1_205' title='bbox 1053 2107 1216 2149; x_wconf 77' lang='lat' dir='ltr'>taedeat</span> <span class='ocrx_word' id='word_1_206' title='bbox 1247 2123 1315 2150; x_wconf 91' lang='lat' dir='ltr'>me</span> <span class='ocrx_word' id='word_1_207' title='bbox 1342 2109 1501 2151; x_wconf 85' lang='lat' dir='ltr'>vivere.</span> <span class='ocrx_word' id='word_1_208' title='bbox 1566 2110 1802 2152; x_wconf 86' lang='lat' dir='ltr'>Retribuat</span> 
     </span>
     <span class='ocr_line' id='line_1_33' title="bbox 398 2171 1802 2234; baseline 0.006 -23"><span class='ocrx_word' id='word_1_209' title='bbox 398 2171 522 2211; x_wconf 81' lang='lat' dir='ltr'>vobis</span> <span class='ocrx_word' id='word_1_210' title='bbox 564 2186 750 2226; x_wconf 83' lang='lat' dir='ltr'>superna</span> <span class='ocrx_word' id='word_1_211' title='bbox 789 2171 1040 2228; x_wconf 74' lang='lat' dir='ltr'>benignitas</span> <span class='ocrx_word' id='word_1_212' title='bbox 1071 2189 1149 2230; x_wconf 84' lang='lat' dir='ltr'>pro</span> <span class='ocrx_word' id='word_1_213' title='bbox 1187 2190 1235 2217; x_wconf 92' lang='lat' dir='ltr'>eo</span> <span class='ocrx_word' id='word_1_214' title='bbox 1269 2177 1385 2231; x_wconf 86' lang='lat' dir='ltr'>quod</span> <span class='ocrx_word' id='word_1_215' title='bbox 1426 2177 1533 2218; x_wconf 90' lang='lat' dir='ltr'>mihi</span> <span class='ocrx_word' id='word_1_216' title='bbox 1570 2177 1802 2234; x_wconf 75' lang='lat' dir='ltr'>benignius</span> 
     </span>
     <span class='ocr_line' id='line_1_34' title="bbox 399 2239 1803 2294; baseline 0.006 -16"><span class='ocrx_word' id='word_1_217' title='bbox 399 2252 572 2293; x_wconf 84' lang='lat' dir='ltr'>parcere</span> <span class='ocrx_word' id='word_1_218' title='bbox 605 2239 807 2280; x_wconf 83' lang='lat' dir='ltr'>voluistis</span> <span class='ocrx_word' id='word_1_219' title='bbox 844 2242 1076 2294; x_wconf 77' lang='lat' dir='ltr'>quominus</span> <span class='ocrx_word' id='word_1_220' title='bbox 1117 2244 1173 2284; x_wconf 82' lang='lat' dir='ltr'>ad</span> <span class='ocrx_word' id='word_1_221' title='bbox 1214 2244 1383 2285; x_wconf 82' lang='lat' dir='ltr'>instans</span> <span class='ocrx_word' id='word_1_222' title='bbox 1419 2244 1584 2287; x_wconf 84' lang='lat' dir='ltr'>Pascha</span> <span class='ocrx_word' id='word_1_223' title='bbox 1635 2246 1803 2287; x_wconf 89' lang='lat' dir='ltr'>Lincol-</span> 
     </span>
     <span class='ocr_line' id='line_1_35' title="bbox 400 2306 1800 2368; baseline 0.008 -24"><span class='ocrx_word' id='word_1_224' title='bbox 400 2306 519 2345; x_wconf 86' lang='lat' dir='ltr'>niam</span> <span class='ocrx_word' id='word_1_225' title='bbox 552 2306 760 2347; x_wconf 84' lang='lat' dir='ltr'>accedam.</span> <span class='ocrx_word' id='word_1_226' title='bbox 828 2307 1053 2362; x_wconf 86' lang='lat' dir='ltr'>Reprimat</span> <span class='ocrx_word' id='word_1_227' title='bbox 1087 2310 1375 2366; x_wconf 76' lang='lat' dir='ltr'>Omnipotens</span> <span class='ocrx_word' id='word_1_228' title='bbox 1407 2327 1481 2353; x_wconf 89' lang='lat' dir='ltr'>oro</span> <span class='ocrx_word' id='word_1_229' title='bbox 1519 2313 1800 2368; x_wconf 87' lang='lat' dir='ltr'>improvisam</span> 
     </span>
     <span class='ocr_line' id='line_1_36' title="bbox 399 2372 1801 2436; baseline 0.007 -24"><span class='ocrx_word' id='word_1_230' title='bbox 399 2373 631 2427; x_wconf 82' lang='lat' dir='ltr'>procellam</span> <span class='ocrx_word' id='word_1_231' title='bbox 662 2372 782 2429; x_wconf 83' lang='lat' dir='ltr'>cujus</span> <span class='ocrx_word' id='word_1_232' title='bbox 812 2374 856 2415; x_wconf 89' lang='lat' dir='ltr'>in</span> <span class='ocrx_word' id='word_1_233' title='bbox 889 2375 1040 2416; x_wconf 85' lang='lat' dir='ltr'>littera</span> <span class='ocrx_word' id='word_1_234' title='bbox 1072 2378 1342 2430; x_wconf 83' lang='lat' dir='ltr'>meministis,</span> <span class='ocrx_word' id='word_1_235' title='bbox 1374 2379 1491 2434; x_wconf 81' lang='lat' dir='ltr'>quae¹</span> <span class='ocrx_word' id='word_1_236' title='bbox 1526 2380 1605 2422; x_wconf 88' lang='lat' dir='ltr'>hoc</span> <span class='ocrx_word' id='word_1_237' title='bbox 1636 2381 1801 2436; x_wconf 85' lang='lat' dir='ltr'>aliqua-</span> 
     </span>
     <span class='ocr_line' id='line_1_37' title="bbox 398 2442 1802 2503; baseline 0.008 -24"><span class='ocrx_word' id='word_1_238' title='bbox 398 2443 527 2481; x_wconf 86' lang='lat' dir='ltr'>tenus</span> <span class='ocrx_word' id='word_1_239' title='bbox 570 2443 830 2494; x_wconf 81' lang='lat' dir='ltr'>extorquere</span> <span class='ocrx_word' id='word_1_240' title='bbox 869 2442 1021 2485; x_wconf 82' lang='lat' dir='ltr'>valeat.</span> <span class='ocrx_word' id='word_1_241' title='bbox 1118 2444 1185 2486; x_wconf 92' lang='lat' dir='ltr'>De</span> <span class='ocrx_word' id='word_1_242' title='bbox 1219 2446 1426 2501; x_wconf 82' lang='lat' dir='ltr'>magistro</span> <span class='ocrx_word' id='word_1_243' title='bbox 1466 2447 1707 2503; x_wconf 83' lang='lat' dir='ltr'>Reginaldo</span> <span class='ocrx_word' id='word_1_244' title='bbox 1748 2448 1802 2490; x_wconf 86' lang='lat' dir='ltr'>de</span> 
     </span>
     <span class='ocr_line' id='line_1_38' title="bbox 400 2507 1801 2568; baseline 0.007 -21"><span class='ocrx_word' id='word_1_245' title='bbox 400 2507 558 2548; x_wconf 80' lang='lat' dir='ltr'>Stokes</span> <span class='ocrx_word' id='word_1_246' title='bbox 587 2507 763 2555; x_wconf 87' lang='lat' dir='ltr'>medico,</span> <span class='ocrx_word' id='word_1_247' title='bbox 788 2509 864 2550; x_wconf 89' lang='lat' dir='ltr'>fiet</span> <span class='ocrx_word' id='word_1_248' title='bbox 887 2509 1075 2552; x_wconf 91' lang='lat' dir='ltr'>Domino</span> <span class='ocrx_word' id='word_1_249' title='bbox 1104 2512 1236 2553; x_wconf 87' lang='lat' dir='ltr'>dante</span> <span class='ocrx_word' id='word_1_250' title='bbox 1259 2516 1308 2554; x_wconf 90' lang='lat' dir='ltr'>ut</span> <span class='ocrx_word' id='word_1_251' title='bbox 1325 2514 1639 2556; x_wconf 85' lang='lat' dir='ltr'>mandaveritis</span> <span class='ocrx_word' id='word_1_252' title='bbox 1667 2516 1773 2557; x_wconf 92' lang='lat' dir='ltr'>mihi</span> <span class='ocrx_word' id='word_1_253' title='bbox 1792 2533 1801 2568; x_wconf 78' lang='lat'><em>3</em></span> 
     </span>
     <span class='ocr_line' id='line_1_39' title="bbox 399 2575 1804 2639; baseline 0.009 -25"><span class='ocrx_word' id='word_1_254' title='bbox 399 2576 512 2615; x_wconf 85' lang='grc'>11011’-’</span> <span class='ocrx_word' id='word_1_255' title='bbox 547 2575 599 2616; x_wconf 82' lang='grc'>(16</span> <span class='ocrx_word' id='word_1_256' title='bbox 650 2589 698 2616; x_wconf 89' lang='grc'>60</span> <span class='ocrx_word' id='word_1_257' title='bbox 728 2575 869 2617; x_wconf 81' lang='lat' dir='ltr'>adhuc</span> <span class='ocrx_word' id='word_1_258' title='bbox 902 2578 985 2618; x_wconf 81' lang='lat' dir='ltr'>fixe</span> <span class='ocrx_word' id='word_1_259' title='bbox 1019 2579 1357 2621; x_wconf 86' lang='lat' dir='ltr'>determinatum</span> <span class='ocrx_word' id='word_1_260' title='bbox 1390 2585 1483 2631; x_wconf 81' lang='lat' dir='ltr'>est3</span> <span class='ocrx_word' id='word_1_261' title='bbox 1526 2583 1600 2624; x_wconf 82' lang='lat' dir='ltr'>sed</span> <span class='ocrx_word' id='word_1_262' title='bbox 1640 2585 1804 2639; x_wconf 86' lang='lat' dir='ltr'>pendet</span> 
     </span>
     <span class='ocr_line' id='line_1_40' title="bbox 397 2642 1802 2694; baseline 0.009 -13"><span class='ocrx_word' id='word_1_263' title='bbox 397 2642 564 2683; x_wconf 83' lang='lat' dir='ltr'>factum</span> <span class='ocrx_word' id='word_1_264' title='bbox 617 2643 672 2683; x_wconf 84' lang='lat' dir='ltr'>ad</span> <span class='ocrx_word' id='word_1_265' title='bbox 727 2647 884 2685; x_wconf 62' lang='lat' dir='ltr'>vestrae</span> <span class='ocrx_word' id='word_1_266' title='bbox 936 2646 1181 2688; x_wconf 86' lang='lat' dir='ltr'>voluntatis</span> <span class='ocrx_word' id='word_1_267' title='bbox 1237 2650 1508 2691; x_wconf 84' lang='lat' dir='ltr'>sententiam.</span> <span class='ocrx_word' id='word_1_268' title='bbox 1587 2651 1652 2693; x_wconf 92' lang='lat' dir='ltr'>De</span> <span class='ocrx_word' id='word_1_269' title='bbox 1705 2653 1802 2694; x_wconf 85' lang='lat' dir='ltr'>aliis</span> 
     </span>
    </p>
   </div>
   <div class='ocr_carea' id='block_1_4' title="bbox 396 2762 596 2765">
    <p class='ocr_par' dir='ltr' id='par_1_5' title="bbox 396 2762 596 2765">
     <span class='ocr_line' id='line_1_41' title="bbox 396 2762 596 2765; baseline 0 0"><span class='ocrx_word' id='word_1_270' title='bbox 396 2762 596 2765; x_wconf 95' lang='lat' dir='ltr'> </span> 
     </span>
    </p>
   </div>
   <div class='ocr_carea' id='block_1_5' title="bbox 443 2826 1319 2873">
    <p class='ocr_par' dir='ltr' id='par_1_6' title="bbox 443 2826 1319 2873">
     <span class='ocr_line' id='line_1_42' title="bbox 443 2826 1319 2873; baseline -0.001 -4"><span class='ocrx_word' id='word_1_271' title='bbox 443 2827 451 2848; x_wconf 90' lang='lat'>¹</span> <span class='ocrx_word' id='word_1_272' title='bbox 492 2830 515 2869; x_wconf 69' lang='grc' dir='ltr'><em>ῦ</em></span> <span class='ocrx_word' id='word_1_273' title='bbox 546 2826 616 2861; x_wconf 84' lang='lat' dir='ltr'>Ms.</span> <span class='ocrx_word' id='word_1_274' title='bbox 1165 2835 1222 2873; x_wconf 70' lang='grc' dir='ltr'>ἠ,</span> <span class='ocrx_word' id='word_1_275' title='bbox 1248 2835 1319 2868; x_wconf 81' lang='lat' dir='ltr'>MS.</span> 
     </span>
    </p>
   </div>
  </div>
 </body>
</html>
