1905 3180
634 245 870 277 EPISTOLAE.
1366 237 1447 278 251

57 367 230 423 pacifico
261 366 467 422 pastionis
495 367 785 410 moderamine
814 370 938 410 tanta
965 368 1123 424 pendet
1151 369 1262 410 salus
1290 369 1452 411 anima-

56 450 164 485 rum,
187 435 290 477 totis
311 435 517 477 exilitatis
546 451 651 478 meze
681 436 855 486 viribus,
878 439 1035 492 praeter
1067 436 1298 478 salvificam
1321 452 1452 478 :emu-

56 502 260 544 lationem
306 502 420 558 pacis
452 503 690 545 reficiendae
722 504 767 545 in
802 504 907 545 viris
941 504 1240 553 ecclesiasticis,
1265 519 1332 546 me
1369 505 1453 546 mei

55 571 272 626 compellit,
302 571 417 626 apud
447 586 797 627 unumquemque
825 574 1019 613 vestrum
1051 572 1279 627 singularis
1310 573 1454 613 amici—

55 637 128 679 tiae
159 639 435 680 necessitudo.
499 639 715 681 Caeterum
741 639 982 695 prudentiae
1011 640 1269 695 serpentinae
1296 640 1454 681 colum-

54 705 156 747 bina
186 706 447 761 simplicitas,
471 722 556 762 qua
586 707 799 763 spirituali
829 707 973 762 legum
1012 710 1271 749 {eternarum
1304 722 1454 762 cogen-

53 774 116 814 tia
146 777 327 816 rectores
359 774 526 816 coelicos
556 775 715 830 pollere
751 775 946 830 praecipit
977 775 1196 816 salvandis
1227 775 1452 816 animabus

54 841 218 883 Auctor
260 842 512 892 animarum,
543 842 618 898 qui
653 846 771 884 amat
801 843 977 893 animas,
1009 842 1109 884 licet
1140 857 1451 898 nonnunquam

50 909 195 951 foveat
227 910 509 952 dissensiones
540 911 630 952 sine
664 910 772 962 odio,
806 914 849 952 et
894 911 1113 952 interdum
1159 911 1451 967 dispensatam

48 977 248 1019 suavium
279 978 518 1034 litigiorum
550 978 786 1020 certamina
816 992 1010 1020 exercere
1047 982 1335 1034 cognoscatur,
1363 993 1450 1020 non

49 1046 348 1087 controversiis
398 1046 697 1096 instaurandis,
752 1046 826 1087 sed
866 1046 1144 1088 instituendis
1187 1046 1450 1098 concordiis,

49 1127 216 1168 semper
258 1117 405 1155 tamen
447 1117 618 1169 satagat
670 1114 854 1155 discreta
907 1114 1044 1170 pietas
1085 1117 1136 1155 ut
1184 1114 1243 1155 sic
1289 1114 1449 1155 veritas

49 1196 146 1223 cara
191 1181 446 1223 defendatur
489 1197 542 1223 ne
587 1181 830 1223 offendatur
872 1196 975 1223 Vera
1015 1182 1178 1224 caritas.
1264 1181 1448 1223 Proinde

48 1249 290 1291 consultum
322 1265 411 1291 esse
441 1249 625 1300 videtur,
649 1253 700 1291 ut
724 1250 970 1291 nullatenus
995 1254 1151 1291 vestrae
1181 1249 1449 1290 discretionis

48 1317 270 1372 epistolam
302 1317 493 1373 epistolae
534 1318 731 1373 magistri
775 1317 978 1372 Symonis
1010 1317 1313 1372 responsivam,
1337 1319 1448 1358 certe

46 1385 278 1427 secundum
318 1386 495 1441 planum
547 1386 614 1427 sui
654 1385 993 1427 vehementiores
1034 1384 1252 1426 ultricium
1306 1384 1448 1439 objur-

46 1453 269 1508 gationum
311 1453 563 1494 acrimonias
594 1453 903 1509 praeferentem,
939 1467 1026 1494 una
1067 1468 1163 1494 cum
1206 1467 1283 1494 sua
1324 1452 1448 1493 vobis

46 1521 306 1570 transmissa,
338 1522 450 1563 sicut
481 1521 700 1577 cogitastis
731 1521 869 1563 eidem
891 1520 1122 1571 remittere,
1148 1536 1235 1562 non
1260 1524 1447 1562 vosmet-

46 1588 158 1644 ipsos
204 1589 489 1640 defendentes,
536 1589 753 1639 carissimi,
788 1589 861 1630 sed
907 1589 1135 1630 amabilem
1182 1589 1339 1630 amoris
1376 1588 1447 1630 be-

45 1656 166 1712 nigni
195 1657 286 1699 sine
315 1657 411 1699 felle
433 1657 648 1700 saevitiam
681 1657 956 1713 responsione
984 1657 1181 1708 molliori,
1212 1657 1446 1698 secundum

46 1724 268 1780 sapientiae
292 1725 607 1777 documentum,
634 1726 680 1766 in
701 1726 950 1766 unanimem
979 1725 1180 1766 amicitiae
1206 1725 1444 1780 profectum

46 1796 351 1835 convertentes.
415 1792 504 1833 Vix
545 1793 663 1834 istud
693 1792 915 1833 tantillum
948 1792 1300 1847 qualitercunque
1332 1792 1446 1832 inter

45 1859 290 1901 innumeras
330 1861 611 1902 lacerantium
659 1860 985 1915 occupationum
1028 1874 1245 1915 pressuras
1288 1859 1445 1915 scripto

46 1931 189 1970 vestro
221 1928 448 1971 rescribere
480 1928 608 1970 valui.
671 1927 835 1978 Valeat,
871 1931 944 1969 etc.

653 2116 814 2159 CXXI.

42 2227 212 2270 Dilecto
255 2226 401 2269 (emico
448 2225 505 2268 ’ἱη
539 2225 714 2268 Christo
757 2224 944 2267 domino
976 2222 1294 2274 Bwrtlcolomco,
1340 2224 1443 2265 Rec—

162 2295 250 2337 tori
282 2293 486 2337 Ecclesia)
518 2294 570 2336 (ἴα
600 2292 893 2342 Raddcwellc,
927 2292 1088 2335 Frater
1109 2292 1219 2334 Atlas
1250 2292 1442 2334 sulutem

161 2368 199 2406 ct
230 2361 463 2405 sincerum
509 2361 664 2404 ‹lebitoe
695 2360 956 2404 dilationis
984 2359 1200 2416 affectum.

101 2486 236 2527 Vobis
287 2486 483 2527 innatam
534 2500 637 2541 rogo
680 2484 994 2541 benignitatem
1046 2487 1096 2525 ut
1145 2483 1350 2539 magistro
1398 2482 1438 2524 S.
1458 2481 1659 2532 Rlequesting

43 2549 196 2609 Gyen)
228 2553 445 2608 quondam
478 2553 641 2595 doctori
672 2556 829 2604 vestre,
852 2567 979 2607 super
1001 2552 1156 2601 debito,
1184 2566 1268 2606 quo
1303 2550 1439 2592 eidem
1458 2528 1662 2613 ᾓζᾊῗξέᾗῖ

39 2621 256 2672 tenemini,
279 2622 479 2663 videlicet
506 2621 562 2664 xl.
586 2621 818 2663 solidorum
849 2619 1161 2676 sterlingorum,
1200 2618 1440 2660 satisfacere
1457 2617 1519 2647 due
1535 2620 1569 2647 to
1583 2615 1616 2648 S·

644 2804 651 2822 ¹
672 2803 733 2835 See
749 2812 778 2844 p.
798 2805 871 2834 232.
