1905 3180
180 717 317 749 Rccom-

180 763 294 793 mends
313 762 381 793 him

179 812 212 837 to
229 807 357 837 consult

179 850 289 880 Adam
307 851 345 882 of

180 894 308 925 Ilekesn

180 938 282 968 hover
298 939 350 969 for

180 981 230 1013 his
248 982 366 1013 health.

179 1025 368 1058 Interccdes

178 1069 230 1100 for
245 1075 310 1101 two

181 1113 334 1145 Scholars

179 1157 213 1188 in
232 1157 302 1189 Ox-

178 1202 261 1238 sord,
277 1202 332 1234 the

180 1246 332 1287 Bishop's

182 1289 344 1323 kinsmen.

407 216 488 260 136
882 221 1079 257 ADAE3DE
1111 224 1305 256 MAnffico

1011 443 1192 485 XXXV.

698 589 896 632 Domino
918 588 1175 631 Lincolm'w
1197 589 1357 630 Frater
1378 588 1496 630 Aila.

463 723 691 777 Numquid
723 722 944 778 legislator
977 723 1248 764 liberandum
1283 722 1488 778 populum
1512 722 1593 765 Dei
1623 721 1675 762 de
1707 720 1803 762 dira

400 791 613 832 servitute
654 791 837 833 fornacis
878 791 1026 833 ferreae
1074 791 1224 832 divina
1263 790 1456 845 jussione
1488 789 1684 844 suscepit,
1719 789 1803 829 nisi

401 859 520 913 prius
553 859 872 900 concussionem
905 859 1106 915 AEgyptii
1140 859 1275 900 atroci
1313 862 1452 900 morte
1484 857 1724 907 multasset,
1759 860 1802 897 et

401 927 669 981 repressisset
701 927 984 982 castigatione
1015 941 1165 968 severa
1195 926 1343 967 fratris
1373 925 1662 966 calumniam?
1714 924 1804 964 An-

401 1008 488 1034 non
537 994 656 1049 prius
703 994 938 1035 auctoritas
988 993 1252 1049 propheta-lis
1298 1008 1537 1049 pauperum
1591 991 1804 1033 relevavit

401 1061 590 1102 inediam
623 1077 753 1116 quam
796 1078 821 1102 a
870 1062 1050 1103 tumidae
1094 1061 1342 1116 tyrannidis
1386 1061 1590 1116 perdente
1622 1060 1803 1116 perfidia

403 1143 625 1184 oppressas
673 1129 840 1170 animas
893 1133 1150 1184 temptasset
1203 1129 1431 1171 eximere?
1513 1128 1684 1179 Esther,
1726 1143 1803 1183 pro

402 1197 547 1253 gentis
578 1211 666 1239 suae
698 1197 839 1238 salute
870 1197 1096 1239 efferatum
1128 1197 1385 1252 mitigatura
1416 1195 1804 1252 supplicationibus

404 1264 650 1320 imperium,
687 1280 839 1320 corpus
877 1280 1002 1306 suum
1047 1265 1302 1306 humiliavit
1339 1264 1530 1320 jejuniis,
1574 1264 1804 1319 omniaque

404 1331 496 1373 loca
527 1332 574 1373 in
616 1332 774 1387 quibus
799 1333 941 1374 laetari
983 1337 1085 1375 ante
1117 1336 1401 1374 consueverat
1433 1332 1616 1374 crinium
1648 1332 1805 1373 lacera-

404 1399 521 1441 tione
554 1400 800 1455 complevit‚
822 1404 866 1442 et
899 1401 1212 1456 deprecabatur
1234 1400 1470 1442 Dominum
1493 1401 1633 1442 Deum
1659 1399 1803 1441 Israel.

403 1466 560 1508 Judith
594 1471 744 1509 contra
776 1468 1028 1524 ingruentes
1049 1468 1306 1510 vastissimae
1337 1468 1592 1510 hostilitatis
1618 1468 1805 1523 depopu-

402 1534 596 1586 lationes,
630 1536 794 1577 virtute
837 1536 954 1578 virili
1000 1536 1169 1578 fidelem
1222 1537 1424 1577 fiduciam
1472 1536 1707 1592 accingens,
1742 1536 1805 1576 in-

402 1617 546 1658 gressa
577 1606 643 1644 est
675 1604 911 1645 oratorium
943 1619 1080 1656 suum,
1116 1607 1160 1645 et
1191 1604 1373 1645 induens
1414 1619 1457 1646 se
1489 1604 1627 1646 cilicio
1658 1603 1804 1660 posuit

403 1671 588 1711 cinerem
640 1686 768 1727 super
819 1675 948 1727 caput
990 1687 1126 1719 suum,
1166 1675 1210 1713 et
1253 1675 1527 1728 prosternens
1574 1687 1618 1713 se
1662 1687 1803 1713 coram

405 1734 592 1779 Domino
635 1738 841 1780 clamavit
892 1740 947 1780 ad
1000 1739 1236 1781 Dominum
1289 1740 1459 1781 dicens:
1525 1748 1545 1761 ‘⁶
1569 1739 1801 1788 Memento,

406 1810 426 1826 ‘⁶
461 1806 656 1854 Domine,
681 1807 934 1849 testamenti
966 1807 1044 1856 tui,
1078 1811 1123 1849 et
1154 1807 1208 1848 da
1241 1807 1421 1849 verbum
1453 1806 1500 1848 in
1532 1822 1602 1849 ore
1634 1822 1739 1859 meo,
1761 1811 1805 1849 et

406 1880 427 1894 ‘⁴
460 1873 504 1913 in
547 1874 674 1915 corde
706 1889 800 1916 meo
843 1875 1067 1916 consilium
1113 1875 1350 1925 corrobora,
1383 1880 1434 1917 ut
1467 1874 1618 1917 domus
1650 1879 1727 1916 tua
1758 1875 1804 1916 in

406 1948 428 1962 ⁴‘
461 1945 538 1981 tua
578 1942 919 1984 sanctificatione
959 1946 1222 1998 permaneat,
1270 1947 1315 1985 et
1350 1958 1495 1985 omnes
1536 1946 1687 1999 gentes
1730 1958 1805 1999 ag-

407 2013 428 2029 “
460 2013 639 2050 noscant
676 2010 778 2064 quia
826 2009 891 2051 Tu
926 2025 968 2051 es
1007 2011 1135 2060 Deus,
1179 2014 1224 2052 et
1266 2026 1353 2053 non
1395 2015 1460 2053 est
1497 2011 1608 2053 alius
1645 2015 1804 2067 praeter

406 2079 428 2097 “
462 2075 561 2116 Te.'’
614 2076 700 2118 Sed
742 2092 945 2132 quorsum
998 2078 1120 2120 haec?
1164 2078 1284 2120 Num
1326 2094 1498 2121 movere
1535 2079 1720 2121 conabor
1748 2077 1803 2120 ad

404 2157 470 2184 res
522 2143 735 2186 salvificas
781 2145 996 2187 sollertem
1041 2146 1332 2188 {emulationis
1379 2147 1538 2189 coelicae
1581 2147 1800 2203 pietatem,

405 2210 472 2250 cui
516 2224 602 2251 non
649 2214 713 2251 est
763 2209 1071 2268 ambigendum
1124 2215 1229 2268 quin
1273 2215 1534 2270 persuaserit
1578 2214 1625 2255 in
1676 2210 1803 2255 causa

405 2276 557 2318 salutis
601 2278 815 2333 sapientia
854 2280 1063 2329 salutaris,
1104 2282 1325 2337 attingens
1372 2298 1397 2322 a
1443 2282 1528 2323 fine
1571 2297 1706 2337 usque
1748 2282 1803 2323 ad

404 2344 530 2385 finem
575 2344 756 2394 fortiter,
790 2350 835 2387 et
866 2346 1096 2401 disponens
1128 2349 1272 2389 omnia
1310 2349 1513 2391 suaviter.
1576 2350 1660 2391 Sed
1697 2364 1801 2401 ecce,

405 2411 450 2451 ni
497 2412 622 2452 fallor
669 2412 854 2464 omnino,
899 2428 1041 2454 coram
1084 2414 1272 2471 benigno
1315 2416 1377 2471 pii
1430 2416 1611 2471 pectoris
1655 2416 1802 2470 judice

406 2479 582 2519 anxiam
625 2480 850 2521 moerentis
881 2481 1037 2523 animae
1069 2482 1406 2524 sollicitudinem
1452 2483 1554 2525 licet
1600 2483 1700 2525 hinc
1747 2484 1803 2525 ti-

406 2561 499 2588 mor
529 2547 847 2602 compescuerit,
882 2548 1001 2590 illinc
1034 2554 1179 2591 tamen
1211 2565 1332 2591 amor
1364 2551 1515 2606 coegit.
1581 2551 1802 2593 Concedat

405 2611 557 2655 beatus
596 2614 808 2666 Salvator,
848 2619 897 2656 ut
930 2631 1017 2657 non
1050 2615 1092 2657 id
1125 2618 1354 2672 agentibus
1386 2623 1656 2674 peccatorum
1688 2633 1802 2660 meo-

405 2696 501 2721 rum
544 2682 799 2734 excessibus
843 2684 949 2724 cassi
1002 2688 1181 2726 conatus
1221 2685 1267 2726 in
1304 2690 1487 2727 ventum
1530 2686 1666 2727 verba
1705 2701 1802 2742 pro-

410 2749 609 2790 ferantur.
691 2749 927 2805 Nunquam
972 2766 1045 2793 oro
1092 2753 1374 2795 sanctissimis
1415 2753 1610 2795 sensibus
1654 2754 1801 2795 sibilos

404 2817 672 2871 serpentinos
700 2817 994 2860 fraudulentia
1022 2819 1357 2875 malignantium
1383 2820 1681 2864 blandimenta
1703 2836 1797 2864 cum

403 2884 558 2926 effectu
590 2900 632 2926 sc
663 2886 883 2941 gaudeant
913 2887 1147 2944 ingessisse.
