1905 3180
437 253 492 296 72
853 260 1033 291 Tnfflsms
1065 259 1125 291 DE
1158 260 1419 292 EooLEsToN.

436 382 545 425 rent,
579 378 661 417 nisi
694 380 927 426 castaneas,
962 377 1026 418 ita
1069 377 1371 433 impinguatus
1414 381 1479 419 est
1514 380 1564 418 ut
1597 377 1833 432 plurimum

436 446 710 486 erubesceret.
778 445 994 487 Proeterea
1026 444 1142 486 dixit
1173 445 1281 485 mihi
1315 445 1430 500 quod
1462 460 1559 486 eum
1591 443 1834 485 nutriretur

435 514 481 553 in
513 513 639 553 domo
670 512 809 568 patris
844 512 922 561 sui,
961 516 1005 554 et
1037 512 1239 554 venirent
1285 513 1462 568 plurimi
1505 527 1714 568 pauperes
1743 527 1838 567 pre-

433 584 580 621 cantes
616 581 897 635 elemosynas,
931 580 1052 621 dedit
1086 580 1147 621 eis
1194 580 1247 621 de
1293 595 1405 635 pane
1443 594 1531 632 suo,
1582 583 1625 620 et
1668 579 1833 634 aceepit

431 648 615 688 frustum
663 647 718 688 ab
765 648 837 699 eis,
879 648 982 702 quia
1017 647 1252 689 videbatur
1300 648 1340 689 ei
1389 647 1505 702 quod.
1540 647 1716 688 suavior
1748 646 1834 688 suita

430 715 556 770 panis
594 715 740 763 durus,
776 715 850 770 qui
882 715 1117 771 petebatur
1154 730 1231 771 pro
1269 729 1413 757 amore
1448 715 1532 756 Dei
1562 729 1694 770 quam
1726 714 1834 755 deli-

431 787 553 824 catus
576 798 660 837 quo
690 783 780 839 ipse
813 783 1068 825 vescebatur
1100 785 1145 824 et
1181 783 1348 824 sodales
1381 782 1459 832 sui,
1490 783 1605 824 unde
1626 785 1678 823 ut
1706 796 1833 823 suum

432 854 521 891 tam
568 865 746 892 suavem
802 850 1007 900 facerent,
1046 850 1173 892 ibant
1217 851 1390 906 pueruli
1428 854 1472 892 et
1520 850 1731 906 petebant
1778 849 1833 890 ab

432 918 618 959 invicem
656 933 733 973 pro
768 932 913 959 amore
952 918 1046 960 Dei.

493 986 647 1027 Frater
690 986 845 1027 Petrus
887 987 1048 1042 recepit,
1099 988 1238 1043 primo
1289 987 1444 1028 fratres
1479 986 1530 1028 de
1564 984 1835 1027 Pcenitentia

432 1054 541 1094 ‹Jesu
584 1053 758 1103 Christi,
812 1057 858 1095 et
899 1056 1271 1097 recommendavit,
1322 1055 1369 1094 in
1418 1054 1608 1109 capitulo
1662 1053 1835 1094 Londo-

434 1121 584 1173 nensi3
636 1122 710 1176 qui
747 1121 793 1162 in
830 1123 1056 1177 provincia
1091 1127 1286 1179 tempore
1329 1122 1500 1163 eoneilii
1533 1120 1837 1177 Lugdunensis

433 1192 577 1230 ortum
609 1188 867 1239 habuerunt,
898 1205 973 1246 per
1006 1192 1236 1245 quemdam
1269 1190 1491 1231 novicium
1524 1189 1598 1244 qui
1631 1189 1837 1244 expulsus

433 1260 538 1297 erat.
601 1257 746 1298 Tertio
779 1271 894 1298 anno
927 1258 1321 1300 administrationis
1355 1257 1522 1298 Fratris
1555 1257 1674 1298 Petri
1707 1270 1835 1297 vene-

434 1328 538 1365 runt
568 1324 723 1365 fratres
754 1325 806 1365 de
840 1324 1002 1367 Ordine
1042 1327 1289 1381 Martyrum
1322 1326 1368 1366 in
1399 1325 1617 1381 Angliam,
1652 1338 1835 1379 quorum

434 1392 641 1432 fundator
688 1396 782 1433 erat
828 1393 1006 1447 quidam
1051 1394 1281 1443 Martinus,
1332 1394 1406 1449 qui
1449 1393 1593 1434 fuerat
1644 1391 1836 1433 Parisius

436 1459 556 1513 quasi
590 1459 735 1500 fatuus
767 1459 979 1501 nobilium
1014 1461 1309 1503 Alemanniae.¹

482 1669 488 1687 ¹
508 1669 539 1700 It
555 1669 581 1699 is
593 1678 674 1710 very
687 1669 824 1701 diffleult
834 1674 868 1701 to
880 1670 1061 1702 determine
1074 1670 1108 1701 in
1163 1671 1306 1702 inserted
1323 1671 1357 1702 in
1373 1670 1428 1702 the
1452 1675 1532 1702 text.
1587 1670 1701 1702 About
1718 1681 1737 1702 a
1754 1680 1837 1711 page

436 1722 524 1753 what
547 1723 642 1753 order
659 1722 713 1753 the
730 1727 881 1753 narrator
905 1723 1059 1754 intended
1075 1728 1109 1754 to
1163 1724 1250 1762 here,
1268 1728 1326 1755 not
1347 1724 1449 1754 found
1474 1722 1507 1754 in
1526 1723 1582 1755 the
1606 1723 1727 1755 Cotton
1752 1723 1837 1760 MS„

437 1784 577 1816 arrange
601 1774 690 1805 these
710 1774 910 1816 concluding
927 1776 1108 1807 aneedotes.
1163 1776 1189 1807 is
1220 1775 1460 1817 unintelligible
1492 1775 1525 1806 in
1553 1776 1608 1807 the
1641 1775 1737 1807 York
1763 1774 1837 1808 MS.

439 1826 510 1858 The
520 1831 650 1868 greater
661 1831 733 1867 part
747 1827 784 1857 of
796 1827 884 1858 them
903 1837 957 1858 are
975 1828 1109 1859 derived
1164 1829 1195 1860 It
1210 1829 1290 1860 ends
1306 1828 1385 1860 with
1403 1828 1494 1860 these
1506 1829 1634 1860 words:
1655 1833 1838 1870 paupertas

438 1879 523 1910 from
540 1879 595 1910 the
611 1879 741 1920 margin
760 1879 799 1910 of
809 1879 864 1911 the
878 1880 997 1912 Cotton
1025 1880 1109 1919 MS„
1163 1882 1231 1912 sine
1259 1882 1399 1922 pecnnia
1431 1887 1460 1912 et
1482 1882 1644 1923 patientia
1674 1881 1741 1912 sine
1765 1892 1839 1912 con-

438 1932 497 1963 but
533 1931 624 1963 there
655 1942 711 1962 are
742 1941 785 1963 no
823 1937 915 1963 notes
953 1937 987 1964 to
1020 1933 1109 1964 show
1166 1933 1289 1965 ίιιηιοῖίιι
1324 1935 1507 1975 tertiumque
1536 1934 1594 1976 (ἕ)
1616 1932 1742 1965 mullum
1760 1934 1836 1974 fre-

440 1983 596 2023 whether,
614 1994 651 2016 or
671 1984 790 2024 where,
807 1984 886 2026 they
904 1995 989 2017 were
1014 1990 1048 2018 to
1070 1986 1111 2018 be
1166 1987 1310 2028 quente'or
1327 1991 1373 2018 est
1389 1987 1492 2018 οναείο
1508 1987 1576 2018 sine
1592 1986 1760 2018 devotione.
