1905 3180
635 278 868 311 EPISToLAE.
1363 273 1443 315 159

714 460 783 501 LI.

332 567 530 610 Domino
564 566 820 610 Lineolnice
852 566 1012 608 Frater
1045 564 1162 607 Ad«.

114 682 202 724 Vos
235 682 395 738 optime
440 683 577 724 nostis
625 698 756 737 quare
804 683 1091 724 invalescente
1136 685 1266 724 setate
1300 686 1342 723 et
1375 681 1447 722 de·
1465 690 1547 742 ‘will
1565 691 1633 723 find

54 750 225 792 bilitate
257 754 570 806 praegravante,
603 752 717 792 inter
743 751 956 807 jugitates
1004 750 1333 805 occupationum
1366 736 1672 812 i111-}{01{'l⁰t¹'t3(')dif'

53 818 332 875 portabiliuln
398 833 570 875 corpore
637 822 728 860 tani
799 818 1099 874 multipliciter
1159 818 1338 872 jactato,
1404 820 1447 858 et
1466 824 1540 874 visit
1557 825 1612 855 the

55 887 235 929 anxiata
267 890 357 927 tam
390 887 754 942 inexplicabiliter
785 887 939 935 anima,
959 887 1051 951 ‘vix
1084 886 1268 942 respirat
1299 890 1447 941 pectus
1465 868 1657 945 Igffigssssts·

55 954 267 1005 anhelum,
300 957 476 1010 propter
506 955 621 1009 quod
653 958 697 995 et
743 954 1036 1010 irreparabilia
1080 954 1247 995 dierum
1291 954 1448 994 damna

56 1022 292 1064 insiccabili
318 1022 496 1063 lacrima
528 1023 752 1078 desperata
778 1022 972 1078 deplorat
998 1023 1203 1063 anxietas.
1261 1021 1446 1062 Utinam

54 1090 250 1132 mendaci
314 1090 523 1145 figmento
580 1094 706 1131 tanta
759 1089 971 1131 malorum
1026 1090 1306 1139 incommoda,
1352 1103 1447 1144 quae

55 1158 192 1200 nescit
254 1162 447 1213 peccator
509 1158 712 1213 indignus
775 1172 859 1212 quo
920 1158 1098 1213 planctu
1169 1158 1297 1212 digne
1353 1171 1448 1212 pro-

56 1230 274 1280 sequatur,
328 1241 551 1281 nunquam
604 1226 813 1267 ascribere
861 1225 970 1267 velit
1020 1225 1285 1280 dignissimae
1348 1225 1448 1265 fidei

55 1294 244 1349 benigna
277 1294 523 1348 compassio.
619 1293 732 1343 Quia
774 1293 807 1333 si
851 1294 910 1334 sic
952 1307 1120 1334 necesse
1163 1296 1228 1333 est
1268 1293 1363 1333 fieri
1397 1293 1449 1333 de

56 1361 135 1402 hoc
176 1361 290 1416 quod
322 1361 368 1401 in
410 1361 557 1402 littera
591 1360 810 1415 tetigistis,
845 1360 1048 1402 videlicet
1092 1363 1142 1401 ut
1185 1361 1240 1401 ad
1282 1361 1451 1402 instans

57 1428 299 1470 Salvatoris
340 1428 596 1469 natalicium
633 1428 785 1468 adeam
827 1428 1111 1482 personaliter
1144 1428 1452 1469 dominationis

56 1499 213 1538 vestrae
254 1496 557 1552 praesentiam3
600 1498 650 1536 ut
699 1495 833 1537 vultis
875 1495 1016 1537 facite.
1094 1495 1223 1537 Scitis
1265 1496 1452 1551 qualiter

56 1563 136 1606 hoc
167 1564 237 1619 agi
270 1564 510 1605 conveniat.
573 1562 680 1605 Ecce
713 1577 852 1605 coram
883 1563 1164 1618 paternitatis
1190 1566 1342 1605 vestra}
1364 1565 1453 1619 pie-

57 1635 161 1681 tate‚
195 1632 251 1673 ad
290 1632 369 1673 hoc
410 1631 574 1674 nullam
606 1631 730 1672 valeo
762 1631 909 1673 videre
950 1632 1133 1673 rationis
1174 1633 1451 1687 exigentiam.

57 1699 86 1742 J
90 1700 332 1741 ussionibus
375 1699 529 1740 vestris
566 1695 727 1754 'quibus
780 1699 984 1741 obvenire
1026 1714 1115 1741 non
1155 1700 1297 1749 audet,
1340 1701 1451 1741 sicut

57 1782 134 1809 nec
169 1768 282 1819 licet,
324 1767 531 1823 magistro
575 1767 766 1808 Roberto
809 1767 860 1808 de
894 1766 1098 1809 Mai-iscol
1133 1768 1179 1807 in
1220 1767 1299 1808 hae
1331 1771 1452 1823 parte

56 1850 186 1891 quam
203 1835 261 1877 sit
282 1835 580 1890 importunum
603 1834 910 1890 obtemperare,
934 1835 1154 1890 perpensis
1176 1836 1451 1890 negotiorum

57 1903 257 1958 gravium
299 1896 633 1944 circumstantiis
669 1904 871 1957 patenter
905 1902 1054 1943 elucet.
1138 1902 1301 1944 Forsan
1338 1903 1452 1944 suffi-

59 1971 142 2012 ciet
175 1971 220 2012 in
254 1984 448 2025 regressu
485 1973 628 2011 vestro
666 1970 990 2011 ordinationum
1023 1974 1265 2011 vestrarum
1301 1972 1451 2013 seriem

59 2038 198 2080 eidem
242 2037 477 2092 injungere.
562 2037 701 2092 Super
743 2037 1005 2093 praescriptis
1047 2038 1161 2093 quod
1206 2039 1453 2080 sanctitatis

59 2108 215 2147 vestrae
262 2105 420 2146 sederit
463 2104 743 2160 beneplacit0‚
793 2106 829 2146 si
882 2106 1101 2147 commode
1138 2106 1232 2147 fieri
1278 2108 1450 2161 poterit,

59 2174 150 2215 sine
181 2187 312 2214 morae
344 2173 566 2228 dispendio
598 2172 704 2213 inihi
737 2187 841 2228 rogo
873 2173 1045 2228 signari.
1116 2173 1330 2224 Quoniam
1362 2175 1455 2230 plu-

59 2242 218 2282 rimum
249 2255 398 2282 vereor
432 2255 519 2282 non
554 2241 715 2295 absque
747 2240 992 2295 conjectura
1022 2242 1193 2297 cogenti
1225 2242 1340 2296 quod
1372 2243 1456 2284 ista

57 2309 356 2365 religiosorum
393 2308 577 2357 vocatioj
602 2323 732 2363 quam
767 2308 957 2350 intentio
995 2309 1196 2350 salutaris
1228 2309 1451 2360 excitavit,

60 2379 104 2418 et
136 2376 368 2432 cupiditati
402 2377 562 2417 serviet
597 2379 640 2417 et
676 2376 900 2417 roborabit
934 2376 1215 2432 impietatem.
1270 2376 1455 2419 Studeat

61 2443 230 2486 obsecro
274 2443 619 2485 mansuetudinis
673 2447 827 2486 vestrae
882 2443 1112 2500 diligentia
1153 2448 1203 2485 ut
1245 2445 1455 2486 universis

60 2515 267 2568 appareat
290 2512 405 2567 quod
438 2512 483 2552 in
519 2511 598 2553 1100
627 2511 740 2553 facto
773 2512 934 2567 dirigat
968 2527 1190 2554 censuram
1223 2512 1454 2554 salutarem

61 2583 207 2622 sancta
259 2568 502 2621 dilectionis
555 2579 788 2629 aemulatio,
832 2583 876 2620 et
918 2580 1109 2635 propitia
1150 2580 1359 2621 divinitas
1400 2580 1455 2622 ad

60 2647 321 2689 laudabilem
353 2648 520 2688 exitum
551 2647 794 2702 pertingere
825 2647 1041 2688 concedat.

120 2713 277 2756 Valeat
310 2717 467 2757 vestrae
498 2714 787 2756 beatitudinis
819 2714 1106 2764 incolumitas,
1140 2718 1215 2757 etc.

507 2870 516 2888 ¹
536 2868 597 2903 See
613 2868 700 2902 Note
714 2873 749 2901 to
764 2868 867 2910 Epist.
885 2868 1011 2902 LXIV.
