1905 3180
450 281 534 320 426
940 286 1045 317 ADAE
1078 286 1139 317 DE
1169 283 1368 318 MArusco

466 420 488 436 ‘⁶
522 413 653 455 velles
704 413 980 468 aliquatenus
1028 412 1211 462 deviare,
1253 426 1341 453 non
1385 412 1586 464 sinerent,
1627 412 1863 455 fraenarent

465 488 487 503 “
518 481 797 537 piaeoipitffln,
832 481 1144 522 dormitantem
1177 481 1555 537 expergefacerent
1571 498 1580 533 3
1614 495 1797 536 quorum
1819 484 1863 522 te

464 556 487 572 ‘⁶
518 550 763 592 reverentia
801 552 845 590 et
886 549 1066 591 libertas
1109 549 1393 591 extollentem
1434 549 1699 605 reprimeret,
1742 563 1863 591 exce—

466 624 487 639 “
520 619 696 660 dentem
727 617 960 673 corrigeret
976 633 986 669 3
1019 632 1202 673 quorum
1231 620 1276 659 te
1302 618 1548 659 constantia
1576 620 1621 659 et
1648 617 1862 660 fortitudo

465 694 485 708 “
519 690 751 728 nutantem
788 686 995 737 firmaret,
1034 686 1219 742 erigeret
1256 685 1556 739 diffidentem3
1600 700 1785 741 quorum
1818 689 1862 727 te

465 760 487 777 “
519 755 625 796 fides
658 757 702 796 et
734 754 944 796 sanctitas
977 755 1034 796 ad
1071 768 1252 810 quaeque
1289 757 1450 806 sancta,
1488 753 1545 795 ad
1579 768 1759 810 quaeque
1790 753 1863 795 ho-

464 830 486 845 “
518 826 653 875 nesta,
707 823 763 864 ad
814 837 996 878 quaeque
1039 823 1209 878 pudica,
1247 822 1303 865 ad
1345 836 1528 878 quaeque
1573 822 1779 865 amabilia
1819 825 1865 864 et

464 898 487 914 ‘⁶
518 892 643 935 bonae
673 891 799 934 famae
820 889 1167 947 provocati-&2²²¹

1072 1102 1176 1145 CAP.
1210 1102 1261 1144 V.

242 1235 412 1293 tlaiffzsof
523 1230 682 1272 Nonne
713 1233 892 1287 propter
923 1233 1017 1272 tam
1049 1229 1354 1272 desiderabiles
1391 1228 1504 1270 circa
1538 1243 1616 1270 vos
1658 1231 1703 1270 et
1739 1227 1866 1269 vobis

241 1282 405 1357 Soffssstga'
463 1299 713 1340 assistentes
747 1299 840 1353 jam
874 1299 1012 1340 dictas
1056 1298 1364 1340 sanctimonia-s
1407 1297 1670 1339 credendum
1706 1300 1782 1345 est,
1828 1295 1865 1337 O

240 1370 360 1401 himin
381 1371 444 1420 ‚the
463 1367 734 1409 sacerdotum
755 1367 930 1422 optime,
954 1366 1070 1422 quod
1102 1366 1314 1408 divinitas
1340 1365 1545 1421 propitia,
1569 1379 1666 1420 quae
1701 1378 1867 1419 semper

239 1425 433 1490 Ξῗῖζρέἓὲῗὲ
465 1434 542 1476 dat
563 1450 660 1476 cum
691 1435 983 1492 temptatione
1014 1438 1293 1491 proventum,
1318 1434 1544 1476 consolans
1570 1448 1649 1474 nos
1680 1433 1726 1474 in
1749 1431 1868 1473 omni

239 1503 305 1552 ²²,11d
321 1503 414 1535 here·
463 1503 746 1545 tribulatione
775 1507 937 1555 nostra,
982 1504 1104 1560 cujus
1147 1504 1289 1546 vicem
1333 1503 1380 1543 in
1424 1505 1544 1544 terra
1587 1501 1750 1558 geritis,
1792 1514 1868 1556 per

239 1553 309 1578 nes.
464 1575 647 1614 eventus
684 1572 868 1623 divinos,
903 1572 982 1614 sub
1020 1572 1139 1615 tanti
1173 1571 1380 1613 Auctoris
1424 1569 1760 1612 clementissimo
1791 1582 1867 1624 gu-

461 1640 707 1692 bernaculo,
730 1640 798 1681 his
820 1640 972 1682 diebus
995 1640 1167 1682 coelitus
1189 1654 1422 1691 conceSSOS,
1441 1639 1591 1681 orbem
1613 1638 1868 1679 universum

461 1708 698 1764 improvisa
738 1709 938 1750 novitate
981 1709 1037 1750 ad
1078 1708 1341 1764 przesulatus
1382 1707 1522 1749 vestri
1563 1706 1868 1763 dignissimam

462 1776 739 1818 devotionem
761 1776 954 1818 animare
976 1777 1265 1832 conspicitur!
1329 1775 1440 1818 Cum
1474 1775 1591 1817 enim
1625 1789 1681 1817 ex
1715 1766 1868 1816 debac-

460 1845 692 1887 chantibus
710 1845 916 1896 Tartaris,
935 1860 990 1887 ex
1014 1845 1239 1888 Saracenis
1261 1844 1615 1901 pervadentibus,
1634 1858 1688 1887 ex
1706 1842 1868 1886 Graecis

459 1914 782 1966 dissidentibus,
815 1929 871 1956 ex
898 1914 1229 1956 inimicantibus
1263 1914 1444 1966 Latinis,
1479 1927 1534 1955 ex
1566 1911 1772 1969 subjectis
1793 1911 1867 1953 ab·

460 1982 719 2032 errantibus,
757 1982 1000 2024 anxietatis
1036 1981 1358 2038 inexplicabilis
1391 1981 1713 2037 quinquifarius
1745 1979 1868 2021 dolor

460 2050 817 2092 considerationis
850 2053 1008 2093 vestrae
1045 2053 1240 2092 sanctam
1273 2050 1655 2092 mansuetudinem
1685 2047 1868 2090 meduli-

459 2121 532 2159 tus
557 2118 871 2170 molestaverit7
898 2119 1032 2173 juxta
1067 2119 1184 2174 quod
1206 2117 1396 2175 generali
1419 2118 1598 2160 concilio
1618 2116 1866 2174 praesidens,

460 2186 703 2228 subsidenti
726 2185 834 2227 tibi2
856 2187 1043 2229 ecclesiae
1064 2186 1340 2229 lamentabili
1368 2185 1670 2242 prosecutione
1690 2183 1868 2241 pietatis

459 2256 616 2295 vestrae
648 2254 867 2309 planxisse
900 2255 1105 2297 recolitur
1136 2254 1267 2296 bea-ta
1297 2255 1549 2310 paternitas,
1572 2254 1638 2296 ita
1668 2255 1793 2303 certe,
1816 2253 1867 2293 ut

459 2321 678 2363 celeritate
709 2322 920 2378 przecipiti
942 2323 1095 2364 mundi
1127 2325 1294 2364 statum
1325 2322 1586 2364 labefactum
1617 2321 1672 2363 iri
1703 2319 1867 2364 cunctis

460 2389 867 2444 pertimescentibus
899 2391 1033 2432 etiam
1061 2390 1258 2446 piissima
1279 2405 1366 2433 vox
1387 2394 1535 2432 vestra
1565 2404 1643 2446 pro
1665 2389 1867 2431 universa

463 2456 697 2498 Catholicae
749 2457 853 2499 fidei
906 2459 1115 2515 religione
1170 2459 1293 2514 quasi
1344 2459 1580 2515 Scripturas
1627 2458 1866 2500 lamentum

462 2528 710 2576 assumeret,
773 2524 848 2567 ubi
901 2526 993 2568 ait:
1015 2525 1032 2550 ³
1066 2527 1382 2569 “Effuderunt
1431 2526 1688 2583 sanguinem
1742 2525 1866 2566 inno-

462 2597 485 2613 “
516 2595 682 2633 centem
711 2606 788 2648 per
815 2592 1046 2635 circuitum
1078 2595 1446 2647 sanctificationis,
1470 2598 1514 2637 et
1546 2593 1865 2636 contaminave-

463 2665 485 2682 “
516 2663 620 2702 runt
653 2660 1053 2713 sanctificationem,
1076 2666 1120 2704 et
1151 2663 1418 2719 fugaverunt
1449 2662 1721 2705 habitatores
1740 2661 1864 2703 Jeru-

462 2734 485 2750 “
516 2727 658 2769 salem.
723 2728 906 2785 Propter
934 2744 1005 2772 eos
1037 2734 1081 2772 et
1112 2730 1228 2773 facta
1259 2734 1325 2773 est
1355 2729 1574 2773 habitatio
1605 2733 1861 2777 exterorum,-

507 2911 514 2929 ¹
540 2910 589 2943 Ib.
606 2910 650 2943 iv.
665 2916 695 2951 4,
714 2914 744 2945 5.
1251 2916 1263 2936 ³³
1287 2916 1376 2950 Mac.
1393 2916 1414 2950 i.
1433 2915 1463 2949 δι
1476 2912 1510 2950 ii.

505 2964 517 2982 ²
541 2962 593 3004 υἷϊ,
611 2963 684 2997 MS.
