1905 3180
173 379 245 411 The
262 379 299 410 L.
319 379 357 409 de

172 424 357 456 Mune-hen-

171 477 220 510 sy.

394 246 439 285 1]
454 246 477 286 2
884 250 988 281 ADAE
1022 250 1083 281 DE
1113 248 1311 280 MAmsco

453 379 684 421 Allocutus
715 377 778 418 fui
812 376 1037 418 (1011111111111
1071 375 1301 430 Varynum
1335 373 1386 414 (10
1423 369 1711 426 Munehensy¹
1738 369 1791 411 (10

390 451 496 489 nota
536 449 714 502 propter
746 459 877 501 quam
909 444 1071 486 citatus
1103 446 1180 491 est,
1225 444 1276 482 ut
1326 455 1469 483 coram
1510 440 1634 482 vohis
1680 452 1792 480 com-

391 519 553 572 pareat,
587 518 631 556 et
674 514 726 555 de
768 514 950 569 conjuge
989 527 1067 552 sua
1115 510 1353 553 secundum
1394 509 1613 565 legitimas
1653 521 1793 549 sacra-

392 585 530 625 menti
567 582 903 624 matrimonialis
936 580 1193 636 exigentias,
1228 582 1279 620 ut
1310 578 1443 627 (lecet,
1478 580 1570 618 tam
1611 576 1793 617 honeste

395 667 524 708 quam
562 651 796 692 honorifice
829 650 1028 704 deinceps
1060 647 1320 697 tractanda;
1371 646 1447 701 qui
1476 645 1694 701 pollicitus
1729 646 1794 685 est

395 722 474 762 hoc
516 735 559 762 se
603 719 793 761 Domino
846 718 980 759 dante
1033 716 1086 758 de
1142 718 1282 757 cetero
1333 714 1561 756 facturum.
1635 712 1796 767 Accepi

395 793 543 830 autem
596 803 672 844 per
727 786 1030 828 testimonium
1084 784 1323 840 plurimum
1375 782 1533 823 merito
1577 780 1792 829 credibile,

394 858 619 911 cujusdam
656 856 703 896 in
745 854 963 911 spirituali
1000 852 1319 894 necessitudine
1360 851 1521 892 arctius
1562 849 1796 899 constricti,

394 926 468 981 qui
510 928 687 980 propter
722 923 904 979 speciale
935 920 1250 962 familiaritatis
1286 918 1620 961 contubernium
1662 917 1798 973 ipsius

394 993 561 1035 domini
603 992 776 1033 lVarini
818 994 862 1032 et
895 992 1102 1032 secretam
1146 992 1189 1030 et
1225 987 1444 1044 publicam
1475 986 1630 1028 melius
1672 985 1799 1027 novit

395 1060 781 1110 conversationem,
835 1059 916 1100 sub
975 1056 1210 1113 multiplici
1262 1056 1615 1111 juramentorum
1667 1068 1801 1096 asser-

394 1131 523 1179 tione,
578 1129 681 1170 licet
729 1127 920 1183 judicem
953 1140 1126 1167 movere
1177 1139 1266 1166 non
1328 1123 1495 1172 debeat,
1549 1122 1800 1177 hujusmodi

396 1198 629 1246 excusatio,
675 1196 861 1237 eundem
904 1195 1130 1236 dominum
1164 1193 1398 1234 Warinum
1441 1207 1467 1232 a
1500 1191 1679 1233 crimine
1716 1191 1800 1232 sibi

397 1267 564 1321 objecto
599 1265 776 1321 penitus
814 1279 904 1305 esse
936 1263 1131 1304 liberum.
1217 1260 1289 1302 Sic
1326 1260 1684 1316 qualitercunque
1734 1274 1802 1300 res

398 1350 441 1377 se
490 1334 663 1382 habeat,
709 1333 833 1374 credo
877 1330 1124 1373 consultum
1166 1330 1260 1379 erit,
1315 1332 1366 1370 ut
1409 1343 1486 1385 per
1537 1327 1801 1384 provisivam

397 1402 679 1459 paternitatis
710 1403 868 1442 vestrze
912 1398 1251 1441 sollicitudinem
1293 1397 1510 1438 erroribus
1552 1411 1803 1438 excessuum

398 1472 445 1512 in
476 1474 698 1527 posterum
746 1471 978 1517 caveatur,
1011 1470 1053 1508 et
1086 1467 1138 1507 de
1171 1465 1351 1507 consilio
1387 1465 1653 1520 prudentum
1686 1465 1804 1506 tanti

398 1539 584 1596 proceris
615 1540 819 1593 parcatur
861 1534 1149 1585 verecundiae,
1196 1538 1289 1575 tam
1344 1533 1549 1574 clementi
1602 1547 1803 1588 processu

401 1610 573 1649 servata
604 1605 795 1661 justitia,
829 1607 880 1646 ut
933 1617 1112 1645 censura
1159 1616 1250 1643 non
1298 1600 1474 1657 frangat
1520 1600 1637 1657 quod
1667 1600 1806 1643 flectit

402 1675 640 1718 clementia.

462 1745 627 1785 Doceat
659 1756 736 1783 vos
768 1741 819 1782 de
853 1740 1054 1781 omnibus
1092 1739 1206 1780 clara
1238 1752 1335 1793 qua}
1368 1751 1594 1792 nunquam
1627 1751 1808 1778 marces-

402 1814 459 1854 sit
490 1811 706 1867 sapientia
752 1808 946 1850 omnium
991 1807 1247 1849 saeculorum
1289 1806 1459 1862 perpeti
1499 1806 1805 1853 moderamine,

403 1880 638 1936 profugans
685 1891 850 1919 errores
896 1880 941 1918 et
983 1890 1182 1917 excessus
1225 1874 1474 1916 emendans.
1556 1874 1810 1915 Meminerit

403 1948 539 1990 vestri
571 1948 618 1988 in
650 1947 815 1988 bonum
859 1945 934 2000 qui
976 1944 1191 1985 solus*est
1222 1943 1382 1993 bonus,
1423 1942 1680 1984 benedictus
1722 1942 1807 1983 Dei

407 2017 555 2064 Filius,
591 2015 665 2070 qui
698 2013 901 2055 clementi
932 2012 1134 2054 bonitate
1167 2011 1456 2060 incarceratis,
1480 2010 1658 2066 capitali
1688 2010 1810 2051 dam-

405 2085 585 2125 natione
642 2081 1006 2138 periclitantibus,
1051 2079 1320 2136 perpensiori
1371 2079 1517 2134 gratia
1569 2079 1811 2134 prospicere

408 2151 608 2194 voluistis
638 2150 686 2190 in
717 2152 810 2190 tam
839 2149 1077 2204 gratiosam
1109 2147 1323 2189 absolutae
1360 2147 1635 2188 liberationis
1686 2147 1814 2188 mise-

409 2219 652 2261 ricordiam.
720 2217 1014 2258 Conservetur
1081 2215 1274 2271 optanda
1325 2218 1483 2256 Vestrae
1526 2215 1814 2256 beatitudinis

411 2287 689 2329 incolumitas
730 2285 778 2324 in
810 2284 985 2325 Christo
1022 2297 1191 2338 semper
1233 2291 1276 2323 et
1316 2282 1570 2324 beatissima
1606 2282 1801 2338 Virgine.

412 2356 478 2396 De
515 2354 628 2394 libro
671 2352 910 2393 ethicorum
953 2351 1098 2406 gratia
1143 2350 1280 2391 vestri
1314 2350 1424 2391 bene
1454 2350 1618 2391 factum
1655 2354 1720 2391 est
1762 2353 1813 2392 ut

415 2422 524 2464 mihi
566 2420 758 2463 Videtur.

460 2630 467 2648 ¹
493 2630 565 2661 The
592 2629 682 2661 sixth
707 2630 812 2661 baron
834 2629 911 2660 died
933 2628 969 2660 in
988 2632 1084 2661 1255.
1115 2652 1117 2659 .
1148 2629 1321 2671 Dionysia,
1338 2629 1416 2661 then
1433 2629 1551 2660 widow
1568 2629 1606 2661 of
1625 2629 1754 2661 Walter
1777 2631 1817 2662 de

415 2683 446 2713 It
477 2692 614 2723 appears
644 2683 689 2723 by
720 2682 776 2713 the
808 2682 892 2713 Fine
926 2682 1015 2720 Roll,
1043 2685 1082 2713 39
1115 2667 1117 2691 ι
1147 2682 1332 2723 Langcton,
1348 2682 1438 2713 leave
1455 2686 1489 2714 to
1501 2691 1612 2723 marry
1627 2682 1818 2714 11110111ονοι-

416 2735 502 2765 Hen.
522 2734 596 2773 III.,
618 2734 688 2765 that
704 2734 756 2765 his
774 2734 875 2765 wife's
899 2744 995 2765 name
1019 2744 1085 2765 was
1148 2735 1205 2766 she
1250 2735 1392 2775 pleased.
1457 2734 1523 2766 She
1564 2734 1649 2766 finds
1687 2745 1723 2766 as
1761 2735 1821 2767 her

416 2786 591 2828 Dionysia,
623 2786 700 2817 who
738 2787 885 2818 outlived
924 2787 1004 2818 him.
1050 2786 1084 2817 A
1116 2790 1117 2811 1
1149 2792 1262 2828 surety
1289 2787 1341 2818 sor
1364 2787 1419 2818 the
1444 2787 1519 2827 fine,
1542 2787 1609 2818 this
1632 2787 1750 2819 lVarin
1779 2788 1819 2818 de

418 2839 550 2870 curicus
581 2844 677 2880 entry
709 2848 824 2871 occurs
851 2839 886 2870 in
914 2838 970 2870 the
1001 2838 1085 2870 Fine
1151 2839 1386 2881 Muntchensy.

422 2891 508 2930 Roll,
544 2895 581 2923 19
625 2891 712 2924 Heu.
753 2891 828 2930 HL,
867 2891 985 2934 giving
1019 2891 1085 2923 this
1114 2921 1117 2929 Δ
