1905 3180
628 221 866 252 EPIsroLAE.
1359 214 1444 259 267

45 342 264 384 toleratis?
326 343 494 399 Nempe
527 345 642 399 quod
680 346 949 401 exspectavit
996 346 1229 401 pransentia
1260 347 1338 388 1100
1370 362 1444 389 ex«
1462 356 1520 399 ing
1532 360 1571 390 of
1590 360 1644 391 tho

43 411 250 467 perientia
300 416 588 466 repraesentat.
665 413 877 465 Meminit,
922 414 968 454 ni
1014 414 1147 463 fallor,
1200 416 1442 470 prudentia!
1462 402 1646 488 &silitum-e<

43 482 195 520 vestrae
247 478 360 520 clara
409 480 739 536 circumspectio,
794 497 922 536 quam
974 481 1189 537 frequenti
1243 483 1442 525 sollicito·
1461 501 1495 522 as
1512 491 1567 523 the
1584 472 1658 525 best

41 562 136 589 rum
183 548 431 589 examinum
479 549 688 604 colloquio
734 550 908 591 auribus
940 550 1096 591 nostris
1142 551 1327 593 invicem
1379 552 1443 592 in-
1460 537 1667 621 ξὲἓὲιὲῇῗοῖ

39 616 255 672 gessimus,
295 631 423 671 quam
465 617 692 673 aspicimus
724 618 854 659 oculis
894 618 1177 660 execrandam
1208 619 1440 661 seductivae
1459 625 1608 658 comfort.

40 683 285 725 calliditatis
315 684 642 740 impudentiam,
690 686 789 727 licet
821 686 875 727 ob
921 686 1196 728 imminentes
1239 687 1440 729 falsitatis

40 752 262 807 stupenda}
318 753 586 808 suspiciones,
635 754 901 796 considerata
957 754 1178 795 fidelitatis
1235 755 1439 797 animosze

38 820 202 869 fiducia,
237 821 488 876 ambiguum
535 822 800 879 praegrandis
843 822 1005 878 negotii
1037 822 1265 864 discrimen
1298 823 1439 865 subire

37 904 305 944 nequaquam
349 890 654 932 formidaverit.
718 890 803 932 Sed
850 890 986 945 quid?
1062 889 1188 932 Certe
1235 891 1441 947 mitigant

35 956 313 999 afflictionum
335 960 608 1014 praesentiam
631 959 1024 1015 praemeditationes
1055 959 1352 1014 periculorum,
1377 974 1439 1001 se-

35 1025 220 1067 cundum
264 1027 595 1082 amplexandam
640 1028 776 1068 divini
810 1027 1004 1083 Gregorii
1048 1027 1319 1079 sententiam,
1354 1043 1439 1082 qua

35 1092 218 1135 dicitur:
285 1094 467 1136 “Minus
492 1095 654 1137 feriunt
673 1095 818 1150 jacula
844 1110 939 1150 qua}
968 1095 1263 1150 providentur,
1288 1100 1332 1137 et
1360 1110 1437 1136 nos

35 1166 57 1184 “
86 1162 351 1204 tolerabilius
372 1164 524 1204 mundi
555 1163 669 1204 mala
700 1163 963 1218 suscipimus,
996 1163 1030 1203 si
1059 1166 1209 1204 contra
1239 1164 1330 1205 11100
1361 1179 1436 1218 per

35 1236 55 1252 “
86 1231 368 1285 providentiae
395 1231 593 1287 clypeum
619 1230 875 1272 munimur.”
921 1230 1029 1272 erc
1054 1234 1118 1271 est
1144 1231 1304 1272 etenim
1327 1231 1436 1272 circa

32 1298 200 1340 fidelem
260 1298 491 1341 electorum
539 1299 740 1340 militiam
803 1298 993 1340 salvifica-
1055 1298 1326 1354 dispensatio,
1385 1302 1435 1339 ut

31 1366 209 1407 sublatis
241 1367 455 1408 saecularis
486 1367 757 1408 confidentiae
795 1366 1005 1417 subsidiis,
1039 1366 1232 1408 totaliter
1263 1381 1306 1407 se
1339 1381 1435 1408 con-

31 1434 141 1476 ferat
171 1435 446 1491 triumphalis
476 1436 760 1477 militantium
792 1434 1004 1476 fortitudo
1036 1434 1091 1474 ad
1122 1449 1317 1490 supernae
1350 1435 1435 1475 vir-

28 1502 134 1544 tutis
177 1502 462 1559 insuperabile
506 1504 765 1560 prz‘esidium,
810 1518 906 1558 quse
938 1502 990 1544 de
1023 1517 1065 1543 se
1093 1503 1256 1544 saeculis
1297 1503 1434 1544 omni-

29 1570 108 1611 bus
139 1571 305 1621 clamat,
341 1572 482 1613 dicens
534 1572 677 1625 (Prov.
711 1571 848 1624 viii.):
893 1571 1078 1613 “Meum
1112 1574 1177 1612 est
1209 1571 1431 1613 consilium

32 1643 52 1659 “
84 1642 128 1680 et
170 1639 361 1695 aequitas,
395 1655 491 1682 mea
530 1643 595 1682 est
626 1639 868 1696 prudentia,
918 1642 962 1680 et
1005 1654 1101 1680 mea
1149 1643 1214 1680 est
1260 1639 1433 1681 fortitu-

30 1712 50 1727 “
82 1707 166 1757 do3
236 1722 312 1762 per
358 1722 426 1749 me
484 1722 604 1763 reges
660 1711 843 1763 regnant
905 1711 948 1748 et
994 1707 1138 1762 legum
1192 1707 1432 1749 conditores

27 1779 48 1795 “
73 1774 194 1830 justa
219 1775 484 1825 decernunt3
527 1790 603 1831 per
630 1790 698 1816 me
724 1775 935 1830 principes
968 1775 1183 1829 imperant
1212 1778 1256 1816 et
1283 1780 1433 1830 poten-

22 1848 46 1867 “
78 1847 143 1884 tes
174 1843 407 1884 decernunt
431 1843 658 1898 justitiam.
722 1843 814 1899 Ego
846 1842 1071 1898 diligentes
1096 1857 1164 1884 me
1197 1842 1357 1898 dilig-03
1390 1847 1433 1884 ct

27 1918 50 1932 ‘·'
83 1912 156 1966 qui
187 1926 312 1953 mane
353 1911 537 1967 vigilant
584 1912 639 1952 ad
670 1925 738 1952 me
770 1910 995 1952 invenient
1038 1910 1143 1952 me.’'
1223 1909 1431 1963 Qualiter,

24 1979 202 2034 inquies,
247 1979 365 2020 illam
403 1979 584 2035 diligens
621 1979 676 2020 ad
722 1978 839 2019 illam
900 1977 1127 2034 vigilabo?
1189 1977 1432 2019 Audiamus

20 2048 143 2089 illum
172 2048 228 2089 ad
252 2048 530 2103 magistratus
555 2047 705 2088 mundi
734 2046 943 2088 directum
969 2046 1181 2101 praecipue
1209 2046 1431 2101 propheta)

23 2130 259 2158 sermonem
284 2115 427 2170 (Mich.
462 2113 541 2171 vi.)
562 2131 570 2157 ε
608 2119 630 2137 “
653 2114 861 2156 Indicabo
892 2113 986 2166 tibi,
1011 2113 1048 2155 O
1081 2113 1221 2165 homo,
1246 2114 1350 2169 quid
1376 2115 1432 2156 sit

25 2181 47 2206 “
76 2185 250 2235 bonum,
278 2187 322 2225 et
353 2184 456 2239 quid
482 2183 696 2224 Dominus
724 2185 890 2238 quaerat
921 2197 947 2223 a
979 2185 1030 2224 te.
1096 2181 1262 2237 Utique
1294 2182 1430 2224 facere

25 2259 46 2275 ‘⁶
70 2252 281 2307 judicium
311 2255 355 2293 et
382 2251 555 2307 diligere
585 2250 930 2300 misericordiam,
954 2253 998 2291 et
1020 2249 1249 2292 sollicitum
1281 2251 1430 2291 ambu-

24 2324 46 2343 “
76 2321 164 2362 lare
195 2335 291 2361 011111
323 2320 416 2362 Deo
448 2319 559 2361 tuo.⁷'
624 2318 699 2368 Ut,
724 2318 936 2368 videlicet,
961 2318 1016 2359 ab
1048 2316 1100 2359 iis
1132 2318 1206 2373 qui
1237 2322 1430 2374 praesunt

21 2388 67 2430 in
102 2389 264 2445 judicio
295 2403 370 2444 per
402 2402 622 2430 censuram
666 2386 944 2428 districtionis
980 2385 1226 2442 plectantm·
1270 2387 1427 2443 discoli7

17 2454 64 2499 in
103 2457 390 2499 misericordia
421 2471 498 2512 per
530 2456 731 2498 affectum
763 2454 1108 2496 mansuetudinis
1148 2453 1431 2496 subleventur

19 2525 172 2577 devoti,
225 2525 271 2566 in
314 2524 493 2566 sollicita
535 2524 688 2566 Divini
731 2524 960 2565 comitatus
1001 2522 1305 2572 ambulatione,
1354 2538 1429 2579 per

22 2593 184 2635 cultum
245 2592 488 2634 divinitatis
540 2592 793 2633 ordinentur
838 2591 1037 2632 universi.
1121 2590 1229 2632 Haec
1291 2590 1428 2646 igitur

20 2661 283 2702 solummodo
330 2664 431 2701 sunt
462 2661 507 2700 in
555 2660 710 2714 quibus
743 2659 798 2700 ad
831 2659 1066 2710 Christum,
1100 2658 1182 2699 Dei
1215 2658 1424 2700 virtutem

19 2733 62 2770 et
106 2729 187 2771 Dei
222 2728 489 2784 sapientiam,
528 2728 715 2769 maxime
761 2726 1007 2782 vigilabitis,
1042 2729 1086 2767 et
1123 2725 1265 2781 Ipsius
1297 2725 1423 2766 nihil—

19 2797 184 2838 ominus
250 2795 582 2852 comprobabitis
635 2794 922 2843 dilectionem,
975 2808 1051 2849 per
1110 2808 1236 2848 quem
1291 2793 1425 2834 solum
