1905 3180
478 267 523 305 4]
538 266 561 306 6
954 273 1060 303 ADAE
1093 274 1153 303 DE
1184 273 1380 303 1111111300

471 391 525 431 ad
559 390 717 431 summi
753 388 971 444 pontificis
1004 388 1283 430 devotionem
1315 389 1544 430 universus
1576 388 1692 430 orbis
1730 389 1867 431 excel-

470 458 607 499 lenter
648 457 878 498 animatur.

529 525 725 566 Sextum.
790 524 917 575 Quod
948 538 1036 565 non
1067 523 1152 564 nisi
1177 523 1234 564 ad
1263 538 1374 573 eum,
1397 523 1472 578 qui
1503 538 1620 565 nunc
1647 524 1865 579 praesidet,

470 607 686 633 summum
727 592 979 647 pontificem
1020 591 1069 631 in
1110 591 1419 632 necessitatum
1462 592 1868 646 opportunitatibus

470 660 617 701 orbem
655 660 908 701 universum
936 672 1155 699 recurrere
1192 662 1366 713 oportet
1408 673 1486 713 pro
1519 659 1733 700 remediis.

530 727 785 782 Septimum.
850 726 978 778 Quod
1018 740 1204 780 regnum
1247 726 1422 782 Angliae
1455 726 1632 781 ejusque
1675 729 1719 768 et
1750 726 1870 782 prin-

468 795 617 849 cipem,
651 798 694 836 et
717 794 888 843 clerum,
922 797 966 835 et
998 793 1220 848 populum,
1254 793 1372 834 inter
1408 796 1585 835 caeteras
1607 794 1761 835 mundi
1790 809 1869 836 na-

469 862 611 904 tiones
652 862 944 917 praerogativa
985 875 1179 901 summus
1210 860 1411 916 pontifex
1450 861 1620 916 jugiter
1660 862 1866 917 prosequi

466 930 622 970 debeat
651 928 976 970 benevolentiae.

528 996 755 1038 Octavum.
811 996 953 1047 Quam
974 995 1227 1051 cogentibus
1264 996 1489 1037 rationum
1521 995 1721 1038 efficaciis
1743 996 1865 1052 pium

466 1064 579 1118 regis
610 1064 783 1119 Angliae
820 1063 1089 1119 propositum
1125 1077 1203 1118 pro
1236 1063 1360 1115 cultu
1396 1068 1550 1105 contra
1585 1064 1732 1105 hostes
1762 1064 1865 1106 fidei

466 1131 680 1172 divinitus
721 1132 995 1186 inspiratum,
1026 1146 1052 1172 a
1093 1144 1262 1172 summo
1293 1131 1499 1186 pontifice
1535 1131 1592 1172 sit
1624 1131 1868 1187 diligentis-

466 1199 572 1240 sime
613 1199 967 1254 promovendum.

524 1266 712 1308 Nonum.
777 1267 892 1318 Quia
931 1267 1034 1308 licet
1069 1266 1126 1307 ad
1166 1266 1336 1308 labores
1381 1266 1566 1316 bellicos,
1615 1280 1865 1322 quanquam

466 1338 616 1376 contra
636 1335 822 1390 perfidos
853 1335 942 1376 sint
973 1334 1196 1376 excitandi
1218 1334 1433 1390 principes
1467 1334 1693 1386 Catholici,
1715 1337 1866 1376 tamen

465 1416 690 1456 nunquam
712 1403 904 1457 preelatis
940 1402 1237 1443 ecclesiasticis
1270 1404 1336 1443 est
1373 1401 1670 1443 desistendum
1711 1401 1768 1442 ad
1798 1402 1864 1443 111-

464 1470 611 1511 fideles
653 1470 707 1511 ab
750 1470 958 1511 exercitio
998 1470 1367 1525 praedicationum.

525 1537 761 1579 Decimum.
838 1537 1037 1589 Qualiter
1081 1541 1173 1579 tam
1216 1537 1456 1593 spiritualis
1512 1537 1686 1593 gladius
1734 1551 1864 1593 quam

465 1605 678 1646 martialis
729 1606 784 1646 ad
835 1605 1124 1647 sacerdotium
1177 1605 1366 1647 ecclesiae
1420 1605 1651 1660 pertineat,
1695 1605 1863 1647 ratione

464 1677 613 1715 tamen
645 1673 836 1728 dispari.¹

1081 1908 1185 1950 CAP.
1209 1908 1241 1949 I.

523 2023 665 2073 Quam
694 2023 751 2063 sit
783 2022 1006 2063 adoranda
1037 2021 1205 2063 saeculis
1232 2022 1433 2063 omnibus
1465 2021 1753 2063 Providentia
1774 2036 1860 2063 non

462 2090 545 2130 nisi
577 2090 813 2131 deficiendo
835 2089 1168 2140 consideramus,
1189 2104 1266 2145 per
1297 2104 1427 2144 quam
1455 2090 1568 2131 sicut
1587 2104 1724 2131 unum
1745 2090 1861 2145 prin-

462 2157 624 2212 cipium
667 2157 714 2197 in
747 2158 854 2198 coelo
900 2157 1044 2198 tribus
1079 2157 1345 2208 hierarchiis,
1403 2157 1586 2213 singulis
1626 2157 1858 2199 secundum

463 2228 608 2265 ternos
665 2224 836 2265 ordines
901 2224 1127 2274 distinctis,
1193 2224 1478 2280 principatur,
1530 2224 1596 2265 ita
1645 2225 1692 2265 in
1743 2228 1858 2266 terra

462 2292 619 2347 praesul
676 2307 788 2332 unus
843 2292 1076 2347 praesideat
1126 2292 1271 2333 tribus
1325 2291 1577 2333 hierarchiis
1624 2292 1858 2334 secundum

461 2363 608 2400 1611103
630 2359 802 2400 ordines
834 2359 1084 2415 dispartitis.
1149 2360 1526 2411 Quemadmodum
1557 2360 1673 2402 enim
1704 2358 1858 2401 astruit

462 2429 634 2467 sanctus
656 2426 896 2481 Dionysius
938 2442 982 2468 se
1012 2443 1038 2468 a
1074 2427 1205 2469 beato
1237 2427 1375 2468 Paulo
1415 2428 1627 2483 Apostolo
1658 2428 1856 2469 institore

463 2496 611 2534 nostro
643 2493 853 2545 didicisse,
877 2495 923 2534 in
954 2495 1095 2550 prima
1126 2495 1301 2549 quidem
1337 2494 1576 2536 hierarchia
1606 2495 1746 2550 primo
1784 2493 1856 2536 Se·-

461 2561 627 2616 raphin,
671 2562 855 2602 secundo
889 2561 1124 2613 Cherubin,
1164 2562 1297 2604 tertio
1334 2562 1523 2613 Throni3
1571 2562 1618 2603 in
1659 2562 1851 2612 secunda,

462 2628 600 2684 primo
632 2628 974 2679 Dominationes,
1005 2631 1190 2671 secundo
1211 2630 1421 2681 VirtuteS,
1437 2630 1568 2671 tertio
1590 2629 1853 2679 Potestates;

729 2839 737 2857 ¹
755 2839 845 2871 IIere
860 2839 987 2871 fossows
1001 2850 1020 2872 a
1035 2839 1137 2872 blank
1153 2840 1191 2871 of
1202 2839 1437 2882 twenty-three
1453 2838 1545 2872 lines.

1903 2626 1905 2684 1

1900 2688 1905 2780 J

1895 2783 1902 2935 1
