1905 3180
656 250 890 282 EPIS‘1‘0L.1‹:.
1379 239 1463 282 273

77 367 193 420 Quin
234 368 376 423 potius
419 368 577 409 militia
613 367 887 422 triumphalis
919 367 1126 422 castigata
1181 380 1339 421 pavore
1383 361 1466 403 sol-

74 436 200 484 licito,
237 438 280 477 et
309 436 475 491 vigenti
507 435 734 477 exercitior
761 435 948 483 oborata,
973 449 1059 475 non
1092 437 1182 476 tam
1215 435 1260 475 in
1291 432 1464 490 propria

72 503 327 544 strenuitate
373 503 557 559 gratiose
589 503 802 551 consistat,
847 517 975 557 quain
1010 502 1204 557 proficiat
1240 501 1464 557 gloriosius

72 584 125 611 ex
170 570 452 625 perversitate
492 570 644 612 aliena.
730 569 846 611 Huic
889 570 1052 611 accedit
1091 571 1313 611 evidenter
1356 568 1463 609 illud

70 638 187 679 beati
209 638 457 694 Augustini,
484 637 572 694 [in]
600 638 709 679 libro
740 638 805 678 De
839 637 1029 678 Civitate
1065 637 1173 688 Dei,¹
1213 638 1327 691 quod
1364 651 1462 692 pru-

71 706 217 747 dentia
239 705 450 762 Scipionis
480 710 502 727 “
525 706 700 747 nolebat
721 705 921 747 aemulam
944 705 1044 746 olim
1077 705 1246 759 imperii
1279 704 1462 745 Romani

75 779 95 795 “
125 774 255 814 armis
287 774 510 815 subactam
544 772 854 828 Carthaginem
897 773 1019 821 dirui,
1054 776 1098 814 et
1131 773 1376 814 decernenti
1414 775 1464 813 ut

70 844 94 865 “
125 841 366 882 dirueretur
397 841 716 882 contradicebat
739 839 917 881 Catonis
949 840 1133 887 astutiae,
1158 840 1315 881 timens
1347 839 1465 880 infir·

69 912 92 932 “
124 908 205 949 mis
236 908 390 949 animis
433 908 595 949 hostem
641 908 928 958 securitatem,
967 911 1010 948 et
1039 911 1246 962 tanquam
1290 907 1465 962 pupillis

70 980 90 999 “
122 976 287 1018 civibus
317 976 518 1017 idoneum
550 978 739 1016 tutorem
771 975 1055 1016 necessarium
1077 975 1229 1017 videns
1261 989 1349 1016 esse
1380 978 1466 1015 ter-

68 1047 91 1067 “
124 1058 271 1085 rorem.
334 1042 426 1084 Nec
455 1057 553 1084 eum
584 1042 737 1084 fefellit
758 1043 974 1084 sententia
1006 1043 1145 1098 reipsa
1178 1046 1389 1097 quantum
1421 1046 1465 1083 et

71 1115 94 1134 “
125 1125 253 1166 quam
286 1124 385 1151 vere
417 1110 604 1160 diceret3
637 1110 778 1151 deleta
810 1110 967 1165 quippe
1001 1110 1273 1166 Carthagine,
1308 1125 1464 1165 magno

71 1183 92 1200 ‘⁴
125 1178 284 1220 scilicet
316 1180 477 1219 terrore
511 1177 718 1219 Romana}
753 1178 999 1233 reipublicae
1032 1178 1207 1233 depulso
1241 1181 1370 1232 atque
1394 1192 1465 1218 ex-

70 1251 91 1268 “
124 1246 273 1295 tincto,
307 1249 432 1286 tanta
478 1245 530 1286 de
562 1245 690 1286 rebus
721 1246 932 1300 prosperis
979 1249 1074 1286 orta
1117 1245 1231 1286 mala
1262 1245 1464 1286 continuo

70 1318 91 1334 “
123 1312 349 1354 subsecuta
370 1316 482 1363 sunt,
497 1316 547 1353 ut
560 1315 761 1367 corrupta
782 1312 978 1367 disrupta
999 1316 1065 1353 est
1088 1312 1321 1360 concordia,
1347 1312 1465 1367 prius

68 1384 92 1404 “
123 1380 250 1422 sfevis
288 1380 558 1434 cruentisque
591 1380 881 1427 seditionibus,
919 1380 1071 1421 deinde
1109 1394 1212 1420 mox
1254 1379 1465 1420 malarum

69 1451 92 1471 ‘³
121 1447 384 1489 connexione
411 1461 632 1489 causarum
654 1462 663 1497 ;
685 1447 808 1487 bellis
829 1447 958 1488 etiam
982 1447 1180 1488 civilibus
1201 1451 1337 1489 tantfe
1359 1450 1468 1488 stra-

72 1521 92 1537 “
124 1530 197 1571 ges
249 1515 487 1564 ederentur,
522 1518 674 1556 tantus
707 1515 879 1570 sanguis
911 1514 1212 1564 effunderetur,
1241 1518 1367 1556 tanta
1398 1529 1468 1555 cu-

71 1588 93 1605 “
127 1583 310 1638 piditate
353 1583 712 1638 proscriptionum
744 1597 792 1624 ac
822 1582 1070 1637 rapinarum
1102 1582 1287 1624 ferveret
1318 1583 1468 1623 imma-

72 1655 94 1671 “
125 1651 251 1700 nitas,
267 1654 317 1691 ut
338 1650 523 1692 Romani
545 1650 609 1691 illi
627 1650 701 1705 qui
714 1650 807 1691 vita
828 1650 1057 1706 integriore
1079 1651 1194 1691 mala
1215 1650 1468 1692 metuebant

69 1721 93 1741 ‘⁶
125 1718 180 1760 ab
212 1718 418 1765 hostibus,
464 1718 635 1773 perdita
686 1718 936 1773 integritate
968 1718 1073 1759 vitae
1115 1717 1352 1759 crudeliora
1394 1732 1468 1772 pa-

72 1790 94 1806 “
125 1789 320 1826 terentur
341 1800 367 1825 a
387 1784 588 1826 civibus.''
632 1785 692 1825 Et
714 1784 971 1839 quibusdam
994 1785 1277 1839 interpositis:
1315 1789 1336 1806 “
1352 1785 1467 1825 Ava-

71 1857 93 1875 ‘·‘
124 1867 196 1893 rus
218 1867 318 1893 vero
340 1852 669 1906 luxuriosusque
698 1851 883 1907 populus
913 1852 1106 1893 secundis
1137 1852 1264 1893 rebus
1292 1851 1468 1894 effectus

71 1926 92 1941 ‘⁴
126 1923 201 1970 est,
225 1919 339 1974 quod
365 1919 509 1974 Scipio
541 1919 699 1961 Nasica
732 1919 804 1960 ille
834 1919 1207 1974 providentissime
1230 1919 1468 1961 cavendum

74 1992 95 2009 ‘⁴
128 2001 217 2028 esse
250 1987 461 2034 censebat,
497 1986 669 2041 quando
717 1987 938 2028 civitatem
983 1987 1171 2027 hostium
1218 1988 1466 2036 maximam,

70 2059 92 2077 ‘²
123 2055 411 2103 fortissimam,
438 2054 811 2110 opulentissimam
837 2053 1013 2095 nolebat
1042 2053 1209 2103 auferri,
1234 2059 1283 2096 ut
1314 2055 1468 2095 timore

73 2126 94 2144 “
126 2122 260 2164 libido
282 2125 557 2177 premeretur,
581 2121 722 2162 libido
754 2136 897 2177 pressa
929 2136 1017 2162 non
1047 2122 1352 2174 luxuriaretur,
1376 2122 1470 2163 lux-

75 2194 97 2212 “
130 2190 306 2244 uriaque
354 2189 572 2244 prohibita
614 2204 691 2231 nec
742 2190 927 2231 avaritia
972 2193 1267 2245 grassaretur3
1314 2190 1470 2244 quibus

73 2263 94 2280 “
127 2258 247 2299 vitiis
280 2258 486 2299 obseratis
521 2257 691 2299 civitati
722 2257 844 2298 utilis
875 2257 1015 2299 virtus
1061 2257 1233 2298 floreret
1279 2261 1322 2299 et
1363 2272 1471 2299 cres-

74 2330 95 2348 “
127 2328 248 2374 ceret,
284 2325 406 2380 eique
439 2325 594 2366 virtuti
626 2325 804 2366 libertas
837 2339 1026 2380 congrua
1057 2324 1395 2380 permane1·et.”¹

131 2393 272 2449 Igitur
293 2393 329 2433 si
351 2393 661 2434 auctoritatum
693 2393 932 2443 sententiis,
956 2393 991 2433 si
1012 2393 1230 2434 rationum
1262 2392 1470 2443 efficaciis,

70 2461 105 2502 si
136 2460 378 2516 sapientum
410 2461 617 2516 exemplis
649 2461 964 2515 acquiescimus,
999 2460 1254 2502 clementem
1288 2459 1469 2501 Divini2

71 2528 373 2569 moderaminis
395 2528 708 2569 ordinationem
741 2528 851 2569 circa
881 2531 1069 2569 vestram
1101 2528 1280 2583 vigilare
1312 2542 1471 2583 praesu-

73 2595 228 2636 mimus
275 2595 584 2644 discretionem,
637 2595 911 2650 potissimum
943 2609 997 2636 ex
1029 2595 1118 2644 hoc,
1169 2595 1283 2649 quod
1326 2595 1471 2636 hostes

73 2661 240 2717 profani
284 2662 403 2717 rupti
448 2661 621 2703 foederis
664 2663 852 2717 maligna
898 2663 1120 2703 molimina
1163 2662 1471 2716 tranquillitati

75 2729 379 2784 perturbandae
411 2733 621 2771 conantur
652 2729 850 2771 excitare.
929 2729 1114 2770 Proinde
1146 2729 1181 2769 si
1212 2729 1268 2770 ad
1298 2728 1470 2769 Altissi-

121 2857 130 2875 ¹
150 2857 278 2897 Quoted
295 2856 373 2888 with
389 2857 470 2889 little
483 2857 643 2889 variation
660 2857 743 2889 from
757 2857 782 2889 I.
795 2861 845 2889 30.
868 2856 872 2901 1
937 2858 948 2876 ²
965 2856 1107 2895 Die-im,
1133 2857 1204 2889 MS.

1270 2910 1292 2941 S
