1905 3180
215 1464 267 1497 On
286 1464 341 1495 the

214 1519 302 1559 same
318 1509 391 1540 sub-

209 1558 285 1592 Ject.

437 254 521 295 238
910 256 1016 290 ADAE
1049 255 1110 288 DE
1141 251 1337 288 MARISCO

435 377 653 421 ulterioris
684 390 816 418 morae
849 374 1088 430 dispendiO,
1117 373 1349 415 divinitate
1381 372 1580 429 propitia,
1607 377 1705 430 post
1735 389 1834 417 con-

435 448 519 489 silii
552 445 800 487 decoctioris
832 439 1212 494 deliberationem,
1226 445 1331 483 tunc
1364 441 1420 482 ad
1456 442 1659 484 ultimum
1684 442 1835 500 benig-

434 514 564 556 nitati
605 517 761 555 vestrae
804 511 1076 568 signandum.

493 582 650 623 Valeat
687 581 831 636 dignae
873 579 1115 621 dilectionis
1161 580 1319 620 vestrae
1356 578 1549 620 suavitas
1582 578 1630 619 in
1662 577 1835 620 Christo

433 665 598 706 semper
629 653 672 690 et
702 648 951 690 beatissima
983 646 1174 702 Virgine.
1234 645 1336 687 Non
1367 649 1541 688 tantum
1572 645 1838 701 apud‘comi-

434 724 522 760 tem
582 717 828 766 Ricardum,
872 729 1024 756 verum
1078 714 1209 755 etiam
1253 714 1370 770 apud
1414 728 1687 769 quoscunque
1724 728 1835 755 mor-

434 786 599 836 talium,
654 783 854 825 omnibus
900 798 997 838 quae
1044 782 1169 823 uobis
1218 782 1366 824 cedere
1416 785 1744 838 cognoscuntur,
1779 782 1836 823 ad

434 853 617 894 salutem
664 852 827 907 pariter
879 855 923 892 et
974 851 1181 891 honorem
1232 850 1509 906 procreandis
1560 850 1607 891 in
1660 849 1834 893 Christo

435 921 590 978 quibus
612 920 748 972 valeo,
770 922 1016 976 promptam
1038 932 1138 975 gero
1160 918 1446 961 voluntatem.

1077 1112 1192 1155 CVI.

434 1220 710 1265 Honorabili
741 1220 852 1273 viro,
883 1220 1100 1276 ‘inagis-tro
1131 1219 1178 1262 J.
1213 1219 1265 1261 de
1300 1218 1505 1276 Offinton,
1537 1219 1696 1262 Frater
1725 1219 1835 1262 Ada

553 1290 757 1341 sulutem,
803 1293 841 1331 et
878 1288 917 1330 si
964 1289 1080 1345 quid
1124 1287 1297 1330 devotio
1335 1287 1562 1344 pauperis
1607 1292 1645 1330 et
1689 1287 1835 1330 oratio

548 1357 753 1413 pectoris.

495 1448 632 1504 Super
662 1448 835 1503 negotio
864 1448 979 1503 quod
1011 1447 1118 1487 mihi
1151 1461 1226 1502 per
1250 1447 1467 1502 Rogerum
1494 1447 1547 1488 de
1577 1446 1834 1503 Langeford,

435 1517 692 1557 servientem
734 1518 940 1565 vestrum,
973 1515 1107 1556 vestri
1152 1515 1294 1570 gratia
1334 1514 1573 1556 mandastis
1614 1514 1836 1557 insinuan-

436 1584 550 1633 dum,
579 1598 674 1625 cum
709 1583 959 1624 cancellario
988 1586 1032 1624 et
1065 1582 1242 1637 reliquis
1275 1582 1496 1638 magistris
1524 1582 1835 1635 universitatis,

435 1652 544 1693 sicut
589 1655 828 1707 competere
860 1651 1026 1706 putavi,
1069 1650 1221 1691 habito
1260 1650 1581 1691 deliberationis
1614 1650 1835 1706 colloquio,

435 1720 521 1760 tale
555 1720 608 1760 al)
648 1719 750 1775 ipsis
782 1733 1033 1774 responsum
1067 1718 1210 1774 accepi
1228 1734 1236 1768 3
1270 1717 1414 1773 quod¹
1451 1732 1505 1759 ne
1537 1718 1648 1760 forte
1680 1723 1835 1761 vestrae

435 1787 717 1842 benignitatis
753 1801 878 1827 aures
915 1785 1223 1837 offenderent-,st
1263 1800 1339 1827 nec
1370 1785 1599 1836 immerito,
1643 1786 1690 1836 si,
1721 1788 1836 1842 quod

434 1855 559 1906 absit,
603 1869 722 1895 secus
765 1869 895 1909 quam
938 1854 1107 1895 deceret
1149 1854 1295 1895 minus
1337 1854 1636 1896 examinatam
1677 1857 1834 1898 vestrae

433 1922 698 1964 discretionis
739 1922 1051 1964 benevolenti-ze
1092 1922 1337 1978 ingererent
1379 1926 1553 1978 propter
1595 1923 1835 1978 requisitio-

432 2005 540 2039 nem,
576 1990 714 2031 adhuc
743 1990 1010 2045 incognitum
1038 1989 1119 2031 sibi
1133 1989 1149 2012 2
1183 2005 1309 2045 super
1338 2004 1384 2031 re
1412 1993 1649 2032 memorata
1680 1994 1835 2033 vestrae

432 2058 675 2100 voluntatis
732 2057 1065 2113 beneplacitum,
1118 2072 1393 2113 nequaquam
1446 2062 1706 2101 censuerunt
1753 2060 1833 2101 sub

433 2126 570 2167 forma
611 2126 717 2167 certi
758 2126 924 2167 tenoris
966 2126 1216 2168 serenitatis
1257 2129 1416 2169 vestrae
1458 2127 1834 2183 circumspectioni

434 2196 523 2237 fore
555 2210 630 2252 per
657 2197 771 2252 ipsos
797 2196 1175 2252 interpellandam,
1210 2197 1345 2239 donec
1373 2197 1421 2239 in
1451 2196 1531 2239 hac
1559 2201 1684 2254 parte
1716 2199 1833 2254 quod

435 2264 659 2306 industriae
696 2267 854 2306 vestra}
889 2265 1057 2307 sederi3
1090 2265 1285 2315 arbitrio,
1319 2268 1397 2307 aut
1433 2265 1587 2307 littera
1623 2280 1834 2323 cognove-

433 2332 524 2372 rint
565 2336 642 2373 aut
685 2332 915 2374 didicerint
956 2333 1157 2388 eloqui03
1209 2333 1441 2389 diligenter
1492 2337 1670 2390 agentes
1717 2335 1832 2391 apud

433 2414 573 2440 meam
605 2400 900 2442 modicitatem
938 2405 988 2443 ut
1020 2417 1096 2457 per
1127 2402 1384 2458 petitionem
1419 2401 1543 2443 vobis
1573 2402 1833 2456 litteratorie

433 2468 639 2509 directam
676 2471 831 2509 vestrae
866 2469 1126 2524 requirerem
1169 2469 1521 2511 considerationis
1562 2471 1832 2512 sententiam.

435 2534 618 2576 Proinde
640 2535 837 2591 benigna}
860 2536 1099 2578 dilectionis
1122 2540 1277 2579 vestrae
1308 2538 1596 2594 prudentiam,
1628 2552 1715 2580 una
1736 2553 1833 2581 cum

434 2603 625 2657 praefatis
662 2604 887 2659 magistris,
920 2619 1023 2660 rogo
1056 2605 1315 2660 suppliciter,
1346 2608 1558 2660 quatenus
1589 2606 1624 2647 si
1654 2607 1835 2648 rationis

437 2671 701 2726 exigentiam
743 2672 988 2713 nullatenus
1037 2674 1355 2729 conspexeritiS,
1402 2674 1569 2729 placeat
1609 2674 1833 2716 sedulitati

483 2833 490 2851 ¹
508 2833 569 2865 Sic.
1215 2840 1228 2858 ³
1250 2838 1369 2877 sedem,
1403 2839 1476 2872 MS.

467 2899 477 2904 ·
492 2884 554 2917 Sic.
