1905 3180
344 245 559 279 FRATRUM
589 246 810 278 MINORUM
842 247 1100 279 LONDONIAE.
1325 244 1399 282 51]

28 372 264 426 protentus,
302 372 346 410 et
378 369 586 424 spinosus,
620 369 676 410 ad
708 369 969 411 occidentem
1002 374 1228 417 tortuosus,
1262 372 1411 413 latitu-

30 438 129 480 dine
169 436 256 478 fere
297 436 387 477 viii.
440 436 611 491 pedum,
656 440 815 476 terram
859 437 1057 479 dividens
1098 439 1126 479 J
1132 439 1309 479 ohannis
1361 441 1411 480 <lo

27 504 276 559 Derkynge‚
300 504 375 559 qui
391 503 509 557 jacet
531 517 586 544 ex
615 506 737 558 parte
759 504 1039 553 meridionali,
1068 510 1111 546 01
1133 509 1290 547 terram
1313 511 1411 547 anto

26 571 131 614 dicti
194 570 413 628 [Thomae]
457 570 510 611 de
542 570 774 625 Basynges,
809 571 883 625 qui
914 571 1029 625 jacet
1061 587 1113 613 ex
1145 578 1265 627 parto
1297 574 1415 627 aqui-

25 639 174 680 lonari.
223 638 279 678 In
299 637 373 679 illo
395 641 541 678 autem
562 637 688 687 sulco,
713 652 739 678 a
760 638 899 693 capite
931 639 1127 679 orientali
1159 640 1413 694 incipiendo,

25 705 112 747 xvi.
144 719 302 760 passus,
336 719 423 746 non
455 704 600 753 saltus,
634 707 677 745 et
709 704 771 745 ibi
794 720 819 745 a
849 705 990 745 medio
1022 706 1267 746 latitudinis
1298 707 1413 755 sulci,

24 773 101 814 ubi
141 773 313 828 signum
345 771 402 813 ad
433 771 514 813 1100
544 772 829 812 necessarium
861 772 986 823 foret,
1033 788 1155 813 verso
1187 773 1312 813 vultu
1362 773 1415 813 ad

25 839 280 895 aquilonem,
344 839 506 881 directe
548 853 677 894 super
722 843 883 880 terram
915 839 1089 880 Thomzo
1121 839 1172 880 de
1208 839 1414 895 [Basyn-]

23 922 106 963 ges,
140 907 281 962 spatio
312 907 471 962 pedum
492 906 580 947 xiv.
603 906 723 955 latet,
748 906 827 947 sub
858 910 973 947 terra
1004 907 1142 961 spatio
1165 908 1218 947 iv.
1248 908 1415 961 pedum,

24 978 151 1030 caput
194 988 327 1029 aquae,
377 974 493 1028 quod
534 973 816 1029 propinquius
859 978 934 1023 031,
987 974 1101 1015 unde
1147 988 1223 1029 pro
1265 974 1416 1028 majori

24 1045 146 1098 parte
168 1055 325 1096 aquam
347 1041 566 1091 habemus,
600 1056 752 1096 parum
785 1044 931 1082 autem
953 1041 1005 1082 de
1027 1042 1165 1096 capite
1186 1042 1415 1082 remotiori.

24 1109 95 1150 Ab
145 1109 219 1150 illo
271 1113 417 1150 autem
472 1109 564 1150 loco
629 1108 791 1150 directe
855 1109 1108 1149 extenditur
1170 1109 1225 1149 ad
1276 1113 1414 1164 caput,

25 1176 139 1232 quod
169 1176 377 1218 remotius
409 1180 484 1226 est,
517 1190 667 1217 versus
699 1176 973 1225 occidentem,
1012 1176 1130 1231 cujus
1163 1177 1417 1217 domuncula

23 1243 193 1299 lapidea
243 1259 269 1285 a
318 1248 484 1285 remoto
535 1243 719 1284 videtur.
803 1243 933 1297 Aqua
983 1247 1129 1284 autem
1175 1244 1299 1284 istius
1351 1259 1416 1284 ca-

23 1311 127 1367 pitis
178 1311 412 1353 adducitur
456 1311 574 1352 ultra
623 1310 793 1352 foveam
826 1311 1002 1351 Thomze
1044 1310 1096 1352 de
1130 1342 1138 1351 .
1172 1344 1178 1351 .
1240 1326 1265 1351 a
1296 1314 1417 1365 parto

26 1378 268 1429 occidentis,
317 1394 343 1420 a
384 1378 520 1420 latere
564 1378 790 1433 aquilonis,
836 1378 1158 1433 aliquantulum
1210 1379 1347 1433 spatio
1394 1393 1419 1418 a

23 1447 148 1488 domo
209 1446 363 1501 capitis
414 1446 527 1487 circa
576 1461 648 1487 xv.
702 1460 923 1501 passuum,
970 1445 1104 1501 juxta
1150 1446 1269 1486 viam
1322 1460 1417 1500 quan

23 1513 183 1555 dividit
224 1513 339 1555 inter
381 1514 629 1569 parochiam
673 1514 752 1555 Sti.
798 1513 961 1569 Egydii
1003 1517 1047 1555 et
1100 1514 1177 1555 Sti.
1221 1513 1414 1554 Andrcae.

25 1581 117 1623 Ista
146 1596 259 1636 aqua
289 1582 335 1622 in
368 1581 495 1623 domo
540 1582 694 1637 capitis
730 1581 847 1622 1111113
879 1581 1174 1623 descendendo
1206 1580 1261 1621 ad
1293 1595 1417 1621 cana-

23 1649 108 1691 lem
139 1648 416 1705 supeoeffluit,
451 1653 495 1690 et
526 1664 553 1690 a
584 1649 723 1690 canali
754 1664 908 1704 parum
939 1649 1010 1690 vel
1041 1649 1151 1689 nihil
1182 1648 1282 1689 inde
1314 1649 1417 1689 rcci-

24 1717 143 1773 pitur
160 1733 170 1768 ;
218 1717 294 1759 sed
335 1717 513 1758 domum
554 1721 696 1758 totam
729 1717 925 1767 inundat,
962 1721 1005 1758 et
1044 1731 1118 1771 per
1165 1716 1328 1757 rivulos
1371 1720 1414 1757 et

24 1783 154 1826 rimas
177 1785 356 1840 parietis
383 1785 654 1840 negligenter
675 1785 904 1826 amittitur.
949 1784 1155 1839 Apponat
1180 1783 1417 1824 remedium

22 1851 235 1905 fratrum,l
263 1852 535 1894 considerans
566 1852 774 1893 damnum
806 1856 849 1894 et
875 1851 1146 1893 amissionem
1177 1854 1244 1892 101
1275 1865 1417 1905 sump-

23 1922 159 1961 tuum.

86 1986 368 2029 Postmodum
432 1990 580 2029 autem
623 1988 756 2029 frater
802 1987 988 2028 Thomas
1033 1986 1084 2027 de
1118 1984 1318 2027 Feltham
1362 1985 1413 2026 (10
1432 1988 1534 2021 Their
1548 1989 1637 2022 lava-

23 2054 187 2110 piscina
217 2055 456 2096 communis
482 2055 644 2097 lavacri
669 2055 716 2096 in
744 2055 930 2096 claustro
955 2054 1216 2095 lavatorium
1242 2053 1297 2094 ad
1321 2039 1516 2093 ves-my·

21 2121 211 2163 tibulum
247 2122 439 2174 advexit,
474 2126 518 2165 et
548 2124 689 2165 multa
719 2123 833 2164 bona
864 2123 911 2164 in
941 2121 1156 2164 vestibulo
1198 2121 1415 2176 expendit,

23 2202 134 2230 anno
163 2189 342 2231 Domini
362 2201 471 2231 Mcc.

31 2246 35 2250 ¹
82 2256 195 2298 Item
222 2272 335 2299 anno
370 2258 549 2299 Domini
580 2269 854 2300 M.CCCOXXII.
886 2260 1094 2300 renovata
1120 2260 1221 2297 sunt
1252 2256 1420 2297 lavacra

22 2323 70 2365 in
99 2325 287 2367 claustro
319 2339 416 2366 cum
442 2325 636 2381 deposito
668 2326 813 2367 fratris
840 2325 1020 2367 Roberti
1043 2324 1220 2380 Zougg3
1253 2338 1419 2365 summa

24 2405 309 2447 expensarum
340 2393 476 2435 xxvii.
509 2393 582 2435 lib.
613 2394 670 2435 ix.
704 2393 776 2435 sol.
809 2392 834 2434 i.
858 2391 921 2435 ob.

82 2459 341 2516 Dispensam
401 2461 580 2517 hospitii
631 2476 730 2502 cum
782 2461 961 2503 cameris
1025 2474 1173 2502 versus
1230 2458 1418 2499 infirma·
1435 2458 1593 2500 Hospital.

23 2525 132 2568 riam
172 2529 421 2583 procuravit
465 2529 600 2571 frater
633 2529 843 2571 Ricardus
876 2529 1056 2579 Knotte,
1089 2531 1133 2569 01
1164 2527 1302 2567 multa
1332 2526 1418 2565 alia

22 2593 136 2636 bona
178 2595 424 2639 habuerunt
468 2596 623 2640 fratres
667 2597 720 2639 de
767 2596 1065 2653 procuratione
1109 2595 1199 2650 ejus
1242 2608 1268 2634 a
1310 2592 1417 2634 Wil-

23 2659 164 2704 lielmo
196 2663 349 2706 Albon.

671 2819 680 2867 ff
707 2820 770 2856 Sic,
