1905 3180
429 274 444 313 1,
454 274 508 313 30
914 280 1018 311 ADAE
1050 280 1109 310 DE
1140 280 1333 312 MARIsco

200 397 403 429 Trialofthe
421 397 691 453 spiritualem
725 410 802 451 pro
847 396 1060 437 universis
1094 396 1139 436 in
1178 395 1261 436 Dei
1295 395 1408 437 Filio
1440 396 1640 437 fiduciam
1673 409 1820 451 repor-

198 441 374 518 ἒέἶέρὲξΘΥ
420 469 552 507 tante.
649 464 892 506 Praesentat
953 478 997 505 se
1055 464 1232 505 domina
1284 464 1503 505 comitissa
1558 463 1819 519 Leyccstriae

419 533 601 575 illustris
633 532 896 588 dignissimae
929 532 1215 573 dominationi
1247 535 1413 581 vestrae,
1447 546 1523 587 per
1562 534 1820 587 praesentem

419 602 689 658 scripturam,
743 615 840 642 cum
892 599 1217 655 supplicissimis
1269 600 1510 655 gratiarum
1563 600 1818 650 actionibus,

419 674 463 712 et
514 668 769 711 humillimis
820 668 1038 724 pietatum
1097 668 1477 717 obsecrationibus,
1539 668 1820 723 paternitatis

417 741 573 780 vestrae
619 738 749 793 pedes
801 736 1032 792 complexa,
1087 736 1312 777 dominum
1360 751 1485 777 suum
1531 750 1669 791 seque,
1722 750 1820 777 cum

417 806 567 847 liberis
609 806 706 854 suis,
752 808 796 846 et
850 805 977 846 domo
1024 819 1114 854 sua,
1163 808 1207 845 et
1254 804 1419 846 cunctis
1467 803 1820 860 contingentibus

417 875 567 929 ipsam,
600 874 716 914 inter
746 875 872 913 tanta
915 872 1208 913 discriminum
1248 872 1565 922 formidamina,
1610 871 1733 914 vobis
1774 872 1820 913 in

416 941 643 982 benedicto
701 941 780 981 Dei
839 940 951 980 Filio
1015 955 1092 996 per
1158 943 1351 982 sanctam
1419 940 1501 981 Dei
1556 939 1818 982 Genitricem

417 1009 778 1050 recommendans.

476 1078 642 1118 Datum
676 1076 882 1117 Suttunae
927 1077 973 1116 in
1014 1076 1188 1125 Kantia,
1224 1076 1438 1118 sabbatho
1481 1077 1682 1132 proximo
1721 1079 1818 1132 post

414 1145 572 1187 festum
616 1145 742 1186 Beati
786 1144 1007 1186 Barnabfe.
1092 1144 1297 1185 Detinuit
1331 1159 1479 1193 comes,
1524 1147 1568 1186 et
1611 1159 1689 1200 ego
1721 1148 1820 1200 post

414 1228 624 1255 recessum
658 1212 839 1262 comitis,
878 1227 1092 1253 cursorem
1125 1215 1333 1263 vestrum,
1368 1213 1469 1268 quia
1510 1227 1595 1254 non
1634 1215 1725 1254 tam
1767 1213 1818 1254 de

414 1281 483 1322 die
516 1282 560 1321 in
603 1280 730 1332 diem>
767 1295 897 1335 quam
931 1281 982 1322 de
1015 1281 1120 1322 hora
1146 1280 1191 1321 in
1222 1280 1385 1332 horam,
1428 1281 1508 1322 sub
1540 1280 1818 1322 velocissimae

414 1349 643 1390 varietatis
691 1352 850 1389 eventu
899 1348 1041 1396 dubio,
1092 1349 1300 1390 hactenus
1350 1349 1553 1391 continue
1600 1349 1818 1405 pendebat

415 1417 555 1457 omnis
587 1417 811 1473 signandae
843 1417 1119 1458 certithlinis
1151 1417 1340 1459 effectus.

1032 1617 1199 1658 XXXI.

712 1736 912 1778 Domino
944 1736 1203 1778 Lincolnioe
1224 1736 1385 1778 Frater
1405 1735 1525 1778 Adcc.

189 1842 376 1920 {nrtetffioses
475 1855 597 1897 Licet
632 1856 794 1897 veritus
826 1856 994 1903 fuerim,
1028 1856 1143 1897 inter
1174 1859 1267 1897 tam
1298 1855 1440 1896 varias
1472 1857 1631 1898 vestr‘ee
1662 1857 1820 1898 sancti-

190 1931 354 1974 Nunnery
412 1923 518 1965 tatis
563 1924 876 1979 occupationes,
910 1924 1112 1979 quamvis
1154 1924 1324 1980 piarum
1369 1923 1541 1964 aurium
1576 1924 1817 1966 clementiae

189 1975 228 2006 of
238 1976 365 2009 Belton.
411 1992 601 2032 suaviori
634 1995 782 2033 tantas
814 2006 988 2047 precum
1010 1992 1224 2034 inculcare
1248 1991 1514 2047 frequentias
1532 1991 1568 2043 3¹
1602 1996 1749 2034 tamen
1770 1992 1817 2034 in

412 2059 693 2100 desiderabili
731 2074 870 2101 causae
914 2060 1118 2101 salutaris
1161 2060 1416 2101 executione
1458 2059 1818 2115 periculosissima

410 2126 628 2167 tractioris
680 2141 810 2168 morae
856 2127 1081 2183 dispendia
1123 2128 1374 2170 nullatenus
1425 2127 1636 2170 sustinere
1683 2129 1816 2184 potui,

412 2194 644 2248 quominus
701 2195 936 2250 supplicem
994 2196 1221 2250 praesentis
1282 2196 1508 2237 instantiae
1568 2196 1818 2252 petitoriam

412 2261 723 2302 dominationis
764 2266 919 2304 vestr-ae
951 2263 1151 2319 benignae
1192 2264 1454 2319 paternitati
1496 2264 1817 2306 conscriberem.

415 2328 558 2384 Igitur
579 2329 853 2370 auctoritatis
881 2333 1037 2372 vestrze
1066 2331 1287 2373 benevolae
1317 2331 1617 2373 disertitudini
1644 2330 1819 2373 humili-

411 2400 480 2437 ter
500 2396 704 2451 supplico,
729 2411 884 2452 rogans
907 2398 1120 2439 attentius
1152 2401 1366 2453 quatenus
1394 2398 1528 2440 vestri
1559 2399 1818 2453 praesulatus

411 2477 539 2518 opera
559 2464 769 2505 salutaria
790 2465 1098 2519 perseveratim
1121 2469 1426 2520 prosequentes
1454 2465 1693 2521 diligentia,
1716 2467 1818 2508 aedi-

410 2531 557 2572 ficium
600 2531 772 2573 coeleste
813 2546 887 2587 per
929 2532 1193 2587 provisivam
1226 2537 1382 2575 vestrae
1424 2533 1817 2589 circumspectionis

411 2598 758 2646 sollicitudinem,
783 2602 828 2640 et
858 2603 1049 2641 erectum
1080 2600 1260 2655 pridem,
1295 2604 1338 2642 et
1370 2615 1506 2656 nuper
1536 2605 1788 2656 reparatum
1805 2619 1815 2654 3

410 2666 487 2706 ubi
529 2667 643 2721 quod
675 2670 971 2708 constructum
1008 2668 1235 2724 magnifice
1277 2668 1562 2717 laudavimus,
1597 2669 1814 2711 doluimus

410 2737 586 2788 repente
608 2734 855 2789 collapsum,
879 2735 1172 2777 venerandum
1203 2735 1357 2791 loquor
1378 2736 1610 2792 collegium
1640 2736 1687 2777 in
1718 2751 1811 2778 mo-

1072 2890 1079 2907 ¹
1101 2888 1165 2921 sic.
