1905 3180
443 248 528 286 410
916 250 1023 282 ADAE
1054 250 1116 280 DE
1146 249 1346 280 MAR1sco

439 383 495 409 an
527 381 571 409 se
602 365 762 408 iterum
793 380 869 420 per
900 365 1160 420 scripturam
1191 363 1350 404 vestris
1381 364 1664 418 praesentaret
1696 374 1850 418 aspec-1

442 436 568 477 tibus.
632 433 857 487 Siquidem
890 432 1091 474 haesitavi
1123 445 1292 472 mecum
1324 430 1568 472 deliberans
1599 445 1655 471 an
1686 429 1843 472 scribe-

439 517 540 544 rem.
595 501 824 556 Ignoravit
854 500 970 541 enim
1004 498 1271 555 perturbatae
1302 498 1462 539 mentis
1492 498 1706 540 moestitia
1736 498 1842 552 quid

439 569 653 610 scriberet.
758 567 921 622 Scripsi
986 570 1136 608 tamen
1183 565 1391 620 quoniam
1442 565 1499 606 ad
1566 565 1842 607 scribendum

437 636 614 691 impulit
666 635 881 690 exagitati
932 633 1111 689 spiritus
1162 633 1304 674 nescio
1328 689 1335 695 ι
1357 632 1498 687 qualis
1548 627 1851 688 impatienti&

440 717 570 757 quam
612 702 837 757 proferunt
876 701 1104 757 praesentis
1149 703 1280 741 cartae
1307 702 1576 752 caracteres,
1619 699 1696 754 qui
1737 713 1842 754 qua-

439 770 649 824 lecunque
690 769 928 810 remedium
980 767 1296 823 desperationis
1342 767 1388 807 in
1439 766 1554 808 facto
1590 766 1687 817 Dei,
1734 779 1842 820 quos

439 837 610 892 indigni
644 835 852 877 sermonis
877 835 1071 891 imperiti
1100 834 1392 890 fragminibus
1420 833 1701 876 aemulatione
1735 827 1849 888 quass

437 904 659 958 liscunque
710 903 953 958 proloquor,
1008 902 1117 943 mihi
1178 902 1435 951 attulerunt,
1494 915 1572 956 pro
1623 914 1673 942 eo
1726 894 1850 955 quod?

438 970 708 1025 spiritualem
760 970 876 1011 inter
924 970 1128 1011 mortales
1176 969 1352 1024 concepi
1402 968 1609 1010 fiduciam
1653 967 1706 1009 de
1747 980 1849 1009 ves-¹

440 1041 556 1078 trum
599 1037 764 1078 invicta
804 1037 983 1086 virtute,
1022 1037 1075 1078 de
1116 1040 1314 1077 vestrum
1347 1037 1656 1091 circumspecta
1696 1035 1846 1076 indus-

439 1104 536 1155 tria,
560 1104 613 1145 de
634 1107 828 1146 vestrum
861 1104 1030 1145 fervida
1050 1104 1329 1145 aemulatione
1351 1104 1407 1145 ad
1428 1102 1843 1145 consummationem

440 1171 592 1212 salutis
634 1172 904 1226 operandam.
984 1171 1220 1226 Propterea
1254 1186 1352 1212 cum
1383 1170 1688 1212 indubitanter
1727 1183 1844 1212 acce-

438 1238 575 1293 perim
609 1239 725 1292 quod
755 1238 972 1293 piissimas
1014 1239 1181 1280 animas
1225 1237 1413 1279 fratrum
1444 1241 1694 1279 nostrorum
1732 1237 1845 1279 Lon-

441 1305 535 1346 dini
564 1306 929 1347 commorantium
961 1305 1151 1362 Spiritus
1186 1305 1372 1347 Sanctus
1404 1305 1608 1347 ardenter
1641 1304 1845 1361 professae

440 1372 717 1428 perfectionis
777 1373 987 1414 desiderio
1039 1373 1319 1415 vehementer
1372 1369 1726 1422 inflammaverit,'
1784 1373 1843 1414 sit

442 1440 525 1481 Dei
574 1440 687 1481 Filio
731 1440 982 1495 perenniter
1022 1441 1349 1496 superexaltata
1384 1440 1646 1490 benedictio,
1684 1443 1845 1482 vestrae

440 1506 726 1548 beatitudinis
778 1507 1005 1549 caritatem
1045 1522 1122 1563 per
1172 1511 1332 1550 vestrae
1374 1508 1527 1549 salutis
1578 1507 1845 1563 contempla*

439 1574 604 1616 tionem
641 1588 782 1623 exoro,
811 1588 888 1629 per
923 1574 1132 1616 honorem
1160 1575 1421 1617 beatissimae
1453 1575 1652 1631 Virginis
1687 1575 1842 1626 invito,

441 1654 516 1695 per
573 1641 845 1682 rubricatum
880 1642 952 1696 pio
994 1656 1144 1683 cruore
1186 1642 1373 1683 vivificae
1415 1643 1553 1683 crucis
1589 1642 1841 1698 patibulum

441 1707 602 1763 adjuro,
649 1712 863 1763 quatenus
923 1709 1041 1764 apud
1077 1709 1321 1764 piissimmn
1368 1713 1538 1764 patrem
1588 1703 1842 1751 ministrum

438 1779 645 1827 nostrum,
668 1790 723 1816 ex
755 1776 840 1816 Dei
859 1777 1110 1831 patrocinio,
1133 1790 1209 1831 per
1236 1776 1505 1832 Angelorum
1533 1777 1777 1818 subsidium
1798 1777 1845 1818 in

438 1843 670 1884 electorum
713 1843 931 1898 suffragio,
969 1858 1046 1898 per
1077 1857 1250 1884 omnem
1281 1844 1457 1885 modum
1487 1844 1754 1900 infatigabili
1784 1845 1845 1886 la«

438 1911 602 1952 boretis
636 1910 874 1966 diligentia,
918 1914 969 1952 ut
1012 1912 1066 1952 ad
1106 1911 1290 1966 gloriam
1333 1911 1487 1952 Divini
1527 1911 1745 1963 Nominis,
1788 1912 1844 1954 ad

440 1980 598 2019 nostrae
641 1978 792 2019 salutis
842 1978 1174 2033 reparationem,
1217 1979 1273 2019 ad
1324 1979 1654 2021 aedificationem
1704 1975 1843 2022 totius

441 2045 565 2094 orbis,
594 2044 843 2086 nullatenus
875 2045 1048 2087 differre
1083 2045 1327 2087 consentiat
1361 2046 1482 2087 illam
1511 2046 1842 2088 desiderabilem

441 2112 621 2152 vivendi
653 2112 846 2162 formam,
879 2127 977 2167 quae
1008 2113 1141 2154 toties
1177 2113 1356 2155 auribus
1397 2113 1534 2169 ipsius
1564 2128 1642 2169 per
1678 2114 1845 2170 simpli:

442 2179 632 2220 cissimas
655 2179 972 2222 obsecrationes
1001 2184 1066 2221 est
1097 2180 1324 2230 inculcata,
1355 2181 1607 2222 memoratis
1634 2181 1841 2223 fiatribus

441 2246 682 2297 instituere,
715 2246 930 2288 divinitus
967 2247 1166 2304 deinceps
1201 2247 1527 2289 observandam.
1580 2247 1738 2290 Valeat
1769 2248 1842 2290 de-

441 2313 750 2355 sideratissima
780 2317 938 2357 vestrae
971 2315 1215 2357 dilectionis
1243 2315 1351 2357 fides
1381 2316 1429 2356 in
1462 2315 1648 2367 Christo,
1682 2319 1760 2359 etc.
