1905 3180
381 264 436 304 30
799 269 980 304 THOMAs
1012 271 1073 303 DE
1106 271 1369 305 ECCLESTON0

377 402 484 447 rent,
520 414 545 440 a
577 413 663 454 qua
695 399 914 441 sententia
945 398 1093 440 nullus
1125 399 1351 441 absolvere
1383 402 1527 455 posset
1555 400 1638 444 nisi
1679 401 1781 457 ipse,

327 491 335 499 ·
376 469 552 524 insuper
574 470 618 509 et
653 481 801 509 omnes
835 468 1131 509 accusationes
1163 468 1219 509 ad
1250 467 1502 509 ministrum
1536 469 1781 524 generalem

375 537 636 592 deportaret,
683 536 800 592 quod
832 539 961 578 tanta
991 535 1078 577 fuit
1119 550 1223 578 vero
1267 537 1545 578 conturbatio
1578 537 1777 591 fratrum,

374 605 514 660 qualis
555 619 781 660 nunquam
828 605 875 646 in
924 604 1088 647 Ordine
1134 604 1288 648 fuerat.
1368 604 1629 648 Convocatis
1660 607 1777 649 enim

372 673 579 715 fratribus
623 672 873 724 Londoniae,
919 673 1256 725 Suthamtoniae,
1301 672 1560 725 Gloverniae‚
1604 676 1649 716 et
1688 674 1777 716 ΟΧ-

371 743 494 794 oniac,
541 743 588 784 111
634 741 919 784 multitudine
958 742 1107 794 nimia,
1147 745 1191 784 et
1233 742 1354 784 ultra
1397 742 1576 784 modum
1608 743 1654 784 id
1685 757 1777 785 mo-

369 810 570 853 rantibus
605 825 681 867 per
717 813 892 852 mutuas
924 811 1231 862 accusationes,
1265 810 1371 852 item
1403 825 1480 866 per
1510 811 1773 866 suspiciones

368 879 640 921 saecularium
682 878 797 929 foris,
842 878 1134 921 intolerabilis
1178 878 1323 920 subito
1370 893 1447 935 per
1492 881 1634 920 totam
1681 894 1778 935 pro-

369 946 561 989 vinciam
624 950 861 1003 tempestas
927 950 1025 989 orta
1086 950 1164 989 est.
1246 946 1453 997 Tandem,
1511 947 1768 989 visitatione

365 1018 586 1071 utcunque
633 1016 857 1071 completa,
902 1015 1056 1057 statim
1104 1014 1369 1057 celebratum
1402 1018 1468 1057 est
1511 1016 1776 1072 provinciale

365 1085 604 1140 capitulum
644 1083 839 1135 Oxoniae,
879 1087 924 1126 et
965 1086 1118 1125 contra
1153 1083 1354 1125 Fratrem
1397 1083 1575 1125 Heliam
1616 1085 1772 1125 unani-

364 1154 494 1194 miter
527 1152 793 1209 appellatum
827 1155 1005 1208 propter
1045 1152 1357 1193 visitationem.
1438 1151 1603 1193 Verum
1632 1155 1772 1207 potes-

363 1224 500 1263 tatem
532 1221 691 1262 habuit
732 1221 949 1271 visitator,
994 1223 1039 1261 et
1080 1220 1127 1261 in
1168 1219 1388 1261 mandatis
1435 1223 1671 1275 acceperat,
1717 1223 1770 1262 ut

363 1290 449 1332 alia
481 1290 680 1344 quaedam
712 1289 880 1338 faceret,
926 1303 1022 1344 quae
1055 1288 1257 1330 cederent
1299 1287 1346 1329 in
1383 1287 1582 1330 notabile
1614 1302 1770 1343 grava-

362 1373 462 1400 men
493 1358 689 1400 fratrum.
760 1357 956 1399 Divertit
1000 1371 1100 1413 ergo
1136 1357 1182 1397 111
1219 1356 1490 1412 provinciam
1521 1356 1692 1408 Scotiae,
1727 1359 1771 1398 et

361 1429 596 1468 convocato
650 1426 852 1482 capitulo,
910 1425 1053 1466 voluit
1104 1424 1298 1466 visitare.
1386 1424 1565 1466 Fratres
1619 1429 1768 1466 autem

361 1496 660 1537 formaverunt
695 1493 1030 1550 appellationem
1064 1507 1198 1545 suam,
1223 1495 1267 1534 et
1292 1492 1527 1534 formatam
1559 1508 1765 1549 proposu-

361 1566 499 1615 erunt,
528 1563 720 1605 dicentes
757 1577 800 1603 se
838 1576 926 1603 esse
964 1561 1224 1603 auctoritate
1267 1560 1449 1616 capituli
1490 1561 1702 1616 generalis
1744 1577 1770 1603 a

361 1631 561 1673 ministro
595 1630 839 1686 Hyberniae
871 1630 1088 1681 visitatos,
1112 1643 1191 1671 1160
1221 1629 1353 1670 aliam
1386 1629 1689 1671 visitationem
1721 1644 1766 1671 se

360 1700 470 1741 velle
514 1699 710 1755 recipere.
794 1699 922 1754 Ergo,
970 1697 1171 1739 omnibus
1217 1696 1424 1747 turbatis,
1471 1697 1675 1739 turbatus
1722 1701 1767 1739 et

360 1768 450 1823 ipse
477 1782 564 1809 non
592 1767 823 1817 modicum,
846 1766 978 1807 rediit
1007 1766 1054 1806 111
1082 1765 1402 1817 Alemanniam,
1422 1761 1563 1806 secum
1597 1765 1763 1807 liabens

359 1837 511 1877 seriem
554 1850 641 1876 suro
677 1834 957 1876 visitationis.
1024 1834 1181 1875 Frater
1213 1837 1361 1875 autem
1398 1833 1465 1876 W.
1499 1833 1552 1875 de
1583 1833 1762 1890 Esseby,

360 1919 487 1959 quem
519 1902 732 1945 visitandi
763 1902 908 1958 gratia
944 1902 1123 1944 miserat
1155 1902 1202 1943 in
1235 1901 1526 1957 Hyberniam,
1561 1902 1765 1944 omnibus

358 1973 615 2028 neutiquam
661 1971 858 2027 peractis,
912 1970 1129 2026 profectus
1164 1973 1230 2012 est
1279 1970 1335 2011 ad
1387 1984 1487 2012 eum
1521 1970 1760 2012 Coloniam.

360 2040 506 2096 Igitur
542 2054 639 2081 cum
671 2039 894 2081 venissent
931 2038 1089 2080 fratres
1125 2039 1322 2090 Romam,
1363 2053 1468 2079 mox
1504 2038 1760 2094 petiverunt

358 2112 409 2149 ut
442 2108 597 2150 fratres
629 2108 682 2149 de
714 2110 867 2149 caetero
896 2108 943 2148 in
973 2108 1061 2148 suis
1092 2106 1196 2148 locis
1218 2107 1509 2149 visitarentur
1539 2121 1616 2163 per
1647 2107 1761 2162 capi-

358 2177 500 2217 tulum
547 2176 757 2231 generale,
805 2175 1043 2217 secundum
1085 2175 1201 2230 quod
1243 2189 1287 2216 se
1328 2174 1462 2216 habet
1504 2175 1760 2216 constitutio

359 2244 411 2285 de
458 2244 773 2285 visitatoribus.
838 2243 968 2285 Dixit
1016 2257 1119 2285 vero
1158 2243 1313 2284 Frater
1359 2242 1573 2284 Arnulfus
1619 2243 1757 2309 1106111-

356 2312 586 2353 tentiarius
630 2311 819 2352 Domino
872 2311 1012 2367 Papre,
1062 2311 1179 2366 quod
1225 2311 1301 2351 “si
1339 2310 1551 2352 Diabolus
1598 2310 1757 2352 fuisset

359 2383 382 2402 “
414 2381 678 2431 incarnatus,
728 2394 817 2421 11011
863 2379 1104 2421 invenisset
1145 2378 1418 2420 subtiliorem
1452 2381 1496 2419 et
1528 2378 1753 2420 fortiorem

359 2448 615 2502 “laqueum
666 2447 719 2488 ad
776 2447 1075 2504 illaqueandas
1132 2447 1311 2496 animas,
1371 2461 1501 2502 quam
1555 2446 1640 2488 suit
1681 2446 1757 2487 illa

358 2519 380 2537 “
413 2514 651 2557 visitatio?

418 2583 473 2624 In
512 2583 701 2638 capitulo
735 2582 1004 2625 visitationis
1034 2581 1205 2624 Fratris
1234 2582 1445 2625 Willelmi
1488 2583 1540 2624 de
1574 2582 1755 2635 Colvile,

356 2651 611 2706 pinula-avit
649 2651 826 2705 quidam
864 2654 1014 2693 contra
1043 2651 1382 2693 contractionem
1420 2650 1676 2701 debitorum,
1713 2653 1757 2691 et

357 2720 473 2759 dixit
511 2719 625 2773 quod
664 2723 685 2740 “
717 2719 782 2759 ita
817 2719 904 2760 fuit
943 2720 995 2761 de
1031 2719 1393 2775 procuratoribus,
1433 2719 1550 2759 sicut
1580 2718 1666 2759 fuit
1702 2718 1755 2759 (16

358 2793 379 2809 “
414 2787 600 2841 quodam
633 2788 863 2839 sacerdote,
893 2788 967 2843 qui
1001 2788 1226 2829 consuevit
1250 2787 1435 2844 singulis
1467 2787 1593 2828 annis
1619 2786 1755 2827 facere

360 2860 381 2876 “
414 2856 569 2896 festum
608 2856 754 2896 Sancti
796 2856 1011 2897 Nicholai.
1058 2856 1135 2903 ,Et
1172 2869 1276 2905 ecce,
1316 2855 1504 2910 contigit
1538 2858 1588 2896 ut
1632 2855 1755 2895 fieret
