1905 3180
412 253 494 292 120
914 258 1020 288 ADAE
1052 258 1114 288 DE
1144 257 1340 289 MAfflsco

191 367 392 443 ξζὶῗᾯῗὼθ
411 378 503 415 tam
549 374 784 430 grandium
815 387 1043 414 causarum
1085 373 1420 422 discriminibus,
1465 372 1818 428 circumspectius

190 456 364 488 helcester.
410 456 532 497 posse
564 442 794 497 provideri,
829 444 873 483 et
910 445 1062 483 contra
1104 456 1304 482 rancores
1346 441 1555 490 odiorum,
1590 444 1634 482 et
1667 443 1819 482 contra

410 510 721 565 repugnantias
765 509 1073 558 hostilitatum,
1124 512 1168 550 et
1215 512 1368 550 contra
1415 509 1692 550 dissidentiae
1728 508 1820 564 jur—

410 578 592 633 giorum,
641 577 941 619 indesinenter
987 577 1172 632 supplici
1223 577 1456 632 flagitabat
1495 577 1724 626 industria,
1768 579 1820 617 ut

411 660 487 701 per
538 645 811 700 provisivum
868 645 998 701 regiae
1051 644 1322 686 celsitudinis
1378 645 1620 700 imperium,
1680 643 1822 685 forma

410 713 529 768 pacis
560 713 678 754 inter
707 713 851 768 ipsum
883 727 981 754 cum
1013 712 1102 753 suis
1131 712 1443 761 consentaneis,
1475 715 1519 753 et
1551 711 1823 753 adversarios

413 795 510 822 cum
553 780 641 822 suis
683 779 976 836 complicibus,
1014 780 1107 835 jam
1149 783 1253 820 ante
1294 794 1461 820 annum
1493 779 1617 828 inita,
1651 792 1821 820 necnon

412 853 505 890 tam
542 848 758 890 baronum
791 863 922 903 quam
968 848 1227 903 pontificum
1267 847 1574 888 instrumentis
1620 846 1819 902 publicis,

413 931 464 958 ac
523 919 615 957 tam
673 916 1011 971 magistratuum
1058 930 1189 970 quam
1242 915 1505 970 optimatum
1560 913 1822 969 juramentis

411 984 707 1039 solempnibus
737 983 984 1025 firmissime
1016 983 1192 1032 vallata,
1226 982 1473 1024 inviolabili
1505 981 1665 1024 foedere
1700 981 1822 1023 dein—

412 1066 508 1107 ceps
544 1050 599 1092 ab
641 1051 861 1092 universis
903 1054 1166 1102 servaretur,
1205 1050 1341 1106 ipsius
1373 1053 1489 1091 certe
1531 1048 1823 1090 violatoribus

412 1119 791 1160 animadversione
823 1118 973 1159 debita
1005 1117 1256 1173 plectendis.

474 1187 644 1238 Quibus
702 1186 904 1227 omnibus
960 1186 1216 1227 rationabili
1274 1185 1508 1226 diffusione
1570 1184 1823 1225 distinctius

413 1254 606 1303 emensis,
641 1257 685 1295 et
717 1254 818 1295 licet
849 1268 948 1295 cum
978 1254 1219 1295 multorum
1256 1256 1417 1295 nostrae
1447 1252 1641 1293 nationis
1673 1251 1824 1306 displi-

413 1324 558 1364 centia
599 1322 780 1364 comiter
831 1322 1077 1371 intellectis,
1122 1336 1222 1378 pars
1263 1321 1485 1363 contraria
1528 1321 1687 1370 comiti,
1732 1320 1822 1362 imo

414 1391 553 1445 magis
582 1390 759 1431 domino
788 1389 892 1445 regi,
916 1389 1027 1429 nihil
1056 1390 1211 1430 horum
1240 1389 1378 1430 facere
1406 1389 1550 1430 valuit
1570 1389 1640 1430 vel
1668 1388 1824 1439 voluit,

416 1456 546 1512 quia¹
597 1471 706 1498 onus
752 1456 965 1511 probandi
1013 1457 1373 1497 denuntiationes
1420 1471 1520 1497 suas
1567 1456 1723 1505 subire,
1777 1458 1823 1497 et

415 1540 543 1580 super
586 1525 916 1579 quibuscunque
968 1524 1321 1579 impetitionibus
1363 1527 1442 1565 aut
1485 1522 1820 1571 defensionibus,

415 1606 558 1633 coram
591 1606 847 1646 quocunque
876 1592 945 1632 vel
966 1592 1011 1631 in
1034 1606 1167 1647 regno
1199 1592 1284 1633 isto
1306 1592 1376 1633 vel
1396 1591 1445 1631 in
1475 1594 1594 1632 terra
1625 1605 1713 1642 sua,
1731 1590 1824 1646 juri

415 1674 562 1715 parere
585 1663 628 1700 et
660 1660 793 1700 etiam
817 1659 1144 1700 desiderabilem
1176 1659 1294 1714 pacis
1316 1659 1439 1700 initae
1470 1658 1824 1699 reformationem

416 1727 644 1777 custodire,
689 1742 786 1768 cum
838 1727 1151 1782 impudentiori
1204 1727 1388 1782 diffugio
1430 1726 1576 1767 feralis
1628 1726 1823 1776 insaniae,

416 1796 593 1851 penitus
639 1798 906 1836 recusarunt.
1002 1795 1074 1835 Ad
1116 1795 1195 1836 hoc
1241 1797 1419 1836 tantum
1461 1796 1650 1849 agentes,
1693 1797 1746 1835 ut
1777 1794 1824 1835 in

418 1866 543 1904 tanta
574 1877 720 1904 rerum
757 1866 850 1903 tam
897 1877 1157 1918 magnarum
1204 1862 1437 1917 gravitate,
1482 1861 1826 1903 mendacissimis

417 1946 592 1972 suarum
652 1931 917 1972 dilationum
975 1930 1322 1980 confictionibus,
1394 1929 1650 1970 indubitata
1717 1929 1826 1970 fides

418 1999 713 2048 adhiberetur,
748 2001 792 2039 et
823 1998 871 2039 in
913 1998 1244 2053 quibuscunque
1281 1996 1478 2039 articulis
1510 2011 1684 2038 causam
1715 2011 1826 2052 prae—

418 2070 586 2108 sentem
640 2066 1007 2122 contingentibus,
1063 2065 1349 2122 judiciarium
1401 2079 1586 2106 examen
1638 2064 1827 2106 declina-

419 2138 551 2183 retur,
601 2137 645 2174 et
687 2147 828 2174 comes
871 2133 1039 2188 Symon
1076 2148 1102 2174 a
1144 2133 1344 2175 custodia
1387 2132 1626 2181 Vaseoniae,
1673 2135 1827 2185 contra

421 2201 586 2242 domini
632 2201 744 2256 regis
789 2200 892 2241 olim
939 2201 1182 2242 consultam
1215 2200 1554 2256 dispositionem,
1589 2199 1642 2240 de
1693 2199 1826 2255 plano

421 2271 707 2310 amoveretur.

482 2336 628 2391 Igitur
658 2350 684 2375 a
715 2334 891 2375 domino
931 2349 1031 2390 rege
1068 2338 1112 2376 et
1154 2334 1433 2390 magnatibus
1464 2334 1566 2375 hinc
1601 2333 1705 2375 inde
1737 2334 1829 2389 ple-

420 2404 520 2444 nius
560 2403 724 2444 auditis
765 2405 810 2443 et
851 2402 1072 2457 perpensis
1114 2402 1344 2443 evidenter
1385 2415 1611 2442 causarum
1647 2400 1826 2449 meritis,

423 2471 622 2512 dominus
653 2485 729 2511 rex
749 2469 921 2524 publice
952 2483 1081 2524 super
1112 2469 1448 2510 altercationum
1470 2482 1587 2509 nunc
1609 2468 1828 2509 dictarum

424 2538 726 2580 controversiis
758 2537 1064 2592 pronuncians,
1107 2537 1202 2592 ipsa
1238 2537 1442 2578 veritatis
1474 2535 1828 2577 manifestatione

422 2606 551 2647 fateri
582 2605 827 2660 compulsus
859 2608 935 2653 est,
970 2619 1048 2659 pro
1080 2608 1205 2659 parte
1237 2604 1410 2645 comitis
1442 2607 1486 2645 et
1517 2618 1705 2652 suorum,
1739 2617 1828 2644 non

424 2688 514 2715 esse
555 2674 696 2714 locum
728 2672 997 2721 inficiationi,
1040 2672 1147 2728 quin
1188 2672 1380 2727 ipsorum
1424 2675 1516 2712 tam
1547 2670 1829 2712 rationabilia

424 2742 646 2797 proposita
687 2740 1036 2781 adversariorum
1068 2742 1313 2781 commenta
1343 2739 1516 2780 fallacia
1546 2753 1674 2794 super
1709 2752 1828 2779 men-

1023 2918 1031 2935 ¹
1049 2928 1106 2968 P>
1125 2917 1199 2949 MS.
