1905 3180
426 241 481 285 70
812 249 992 281 moniis
1025 252 1085 281 DE
1117 250 1370 282 EchEsToN

425 363 578 405 Sancti
613 363 844 418 Evangelii
878 363 1157 405 devotissime
1191 364 1432 414 recolebat3
1466 363 1582 405 unde
1618 366 1662 405 et
1699 378 1826 419 super

423 447 559 473 unum
608 447 661 473 ex
694 434 882 488 quatuor
921 432 1207 474 Olementinis
1252 447 1437 474 canones
1471 432 1679 488 perutiles
1714 447 1826 474 com-

422 499 588 554 pilavit,
642 502 686 540 et
738 499 1055 555 expositionem
1107 515 1238 556 quam
1300 500 1417 542 idem
1471 501 1671 549 Clemens
1723 499 1826 541 fecit

420 568 628 623 complete
681 567 811 609 scribi
868 568 916 609 in
969 569 1119 611 ordine
1170 569 1432 625 procuravit.
1526 569 1581 610 In
1641 568 1826 610 medita-

419 636 537 677 tione
596 642 694 692 post
734 637 1005 678 matutinum
1046 637 1259 693 praecipue
1302 637 1547 678 diutissime
1589 635 1714 686 sedit,
1746 650 1825 677 nec

418 704 757 746 confessionibus
804 720 883 747 nec
927 705 1119 747 consiliis
1161 706 1214 748 de
1260 708 1400 758 nocte,
1443 704 1556 747 sicut
1587 704 1823 761 praedeces-

418 787 533 814 sores
591 773 658 814 sui
705 773 908 826 fecerant,
971 774 1202 816 intendere
1253 773 1410 815 voluit.
1506 772 1636 814 Dixit
1688 771 1823 814 etiam

418 841 534 895 quod
567 840 680 882 sicut
712 841 833 897 pejus
866 844 932 883 est
963 842 1066 884 dare
1108 841 1263 884 falsam
1304 841 1500 898 regulam
1542 841 1589 882 in
1625 839 1823 882 faciendo

418 907 649 964 quicquam
693 924 825 964 quam
875 911 987 952 male
1033 911 1187 962 facere,
1222 910 1283 952 sic
1324 910 1490 965 pejores
1528 912 1632 951 sunt
1673 923 1822 965 pravae

417 977 648 1019 sentcntiae
690 977 803 1019 circa
839 978 955 1020 facta
996 978 1161 1020 ordinis
1209 993 1341 1033 quam
1384 977 1638 1034 imperfecta
1681 991 1821 1033 opera.

418 1044 684 1086 Difficillime
752 1045 938 1088 credidit
991 1046 1247 1102 cujusquam
1298 1045 1503 1087 relationi
1555 1045 1641 1087 nisi
1688 1045 1821 1087 vellet

416 1127 558 1154 coram
600 1113 798 1168 pluribus
841 1114 980 1155 dicere
1012 1114 1059 1155 id
1102 1114 1218 1169 quod
1260 1114 1555 1165 denunciaret,
1601 1117 1645 1155 et
1693 1127 1821 1169 super

416 1180 563 1222 onmia
616 1181 873 1237 suspicionis
922 1182 1083 1224 vitium
1136 1182 1278 1224 vitare
1330 1181 1510 1225 curavit.
1574 1181 1611 1223 F
1613 1181 1819 1223 amiliari-

416 1252 528 1290 tates
559 1253 817 1305 magnatum
861 1254 904 1292 et
936 1251 1168 1293 mulierum
1216 1251 1409 1292 maximo
1454 1249 1600 1292 studio
1632 1249 1821 1292 declina-

415 1317 493 1368 vit,
539 1321 582 1358 et
623 1318 757 1360 etiam
800 1319 992 1360 mirabili
1035 1319 1402 1375 magnanimitate
1447 1318 1535 1360 iras
1570 1318 1818 1375 potentium

414 1399 491 1440 pro
522 1385 701 1440 justitia
732 1387 1024 1442 parvipendit.
1090 1387 1220 1429 Dixit
1251 1391 1399 1429 autem
1432 1386 1668 1442 aliquando
1701 1385 1817 1442 quod

413 1456 640 1508 magnates
683 1454 767 1495 sibi
820 1454 1052 1496 familiares
1106 1455 1194 1496 suis
1248 1455 1436 1497 consiliis
1476 1455 1728 1510 illaqueant,
1774 1457 1819 1496 et

413 1520 613 1562 mulieres
655 1525 807 1577 utpote
848 1522 1076 1564 mendaces
1108 1528 1152 1564 et
1194 1523 1424 1564 malitiosae
1455 1522 1545 1564 suis
1588 1522 1817 1564 blanditiis

413 1587 545 1629 etiam
589 1589 769 1631 devotos
814 1590 1080 1632 dementant.
1166 1590 1505 1632 Diffamatorum
1547 1590 1710 1632 famam
1752 1605 1817 1632 re-

413 1657 600 1698 formare
649 1657 883 1700 dummodo
941 1673 1012 1700 eos
1074 1659 1289 1714 poeniterc
1341 1659 1638 1716 perpenderet,
1693 1658 1814 1700 omni

412 1724 641 1780 diligentia
702 1726 883 1775 studuit,
939 1730 985 1768 ct
1038 1726 1331 1768 desolatorum
1374 1727 1503 1768 corda
1557 1726 1812 1780 confortare,

410 1793 623 1848 principue
660 1793 707 1835 in
752 1793 902 1836 officiis
944 1794 1109 1836 ordinis
1141 1794 1438 1847 existentium,
1477 1809 1647 1837 summa
1689 1810 1813 1852 saga--

409 1861 543 1902 citate
575 1862 758 1903 curavit.

489 1928 634 1985 Igitur
675 1933 908 1985 postquam
950 1930 1121 1973 circiter
1161 1945 1318 1974 noveni
1360 1945 1496 1973 annos
1537 1930 1811 1988 provinciam

406 1997 580 2053 Angliae
621 2002 795 2041 rexerat
831 1998 877 2039 in
919 1999 1111 2055 capitulo
1155 1999 1344 2042 Metensi
1385 1999 1610 2042 absolutus
1642 2003 1721 2052 est,
1764 2004 1810 2041 et

407 2080 461 2106 ox
503 2070 627 2122 parte
670 2067 851 2122 capituli
902 2067 1117 2123 generalis
1169 2068 1325 2110 missus
1376 2068 1432 2110 ad
1482 2082 1656 2125 papam.
1722 2068 1809 2110 Sed

406 2149 503 2174 cuin
552 2135 821 2190 pervenisset
865 2150 961 2177 cum
1008 2135 1213 2178 Ministro
1264 2137 1458 2193 generali
1509 2138 1539 2179 J
1543 2151 1716 2188 annam,
1763 2140 1808 2178 et

405 2202 543 2244 socius
596 2218 699 2245 suus
754 2203 909 2245 Frater
967 2205 1179 2247 Ricardus
1235 2220 1461 2261 percussus
1513 2205 1664 2247 fuisset
1715 2219 1808 2261 pes-

405 2270 580 2315 tilentia
647 2286 743 2326 quoe
807 2273 1071 2328 supervenit,
1134 2273 1405 2329 fugientibus
1458 2272 1566 2323 aliis,
1627 2276 1807 2329 propter

403 2338 605 2380 solatium
651 2339 754 2381 socii
801 2340 868 2381 sui
902 2340 1124 2390 remansit,
1158 2345 1203 2383 et
1247 2341 1448 2383 similiter
1484 2356 1582 2383 cum
1619 2355 1668 2383 eo
1710 2356 1806 2396 per-

403 2421 551 2448 cussus
584 2411 650 2448 est
686 2411 731 2449 ct
764 2411 973 2450 mortuus.
1037 2407 1214 2450 Fratres
1246 2412 1394 2451 autem
1428 2408 1612 2464 Anghae,
1651 2408 1804 2450 audito

403 2475 519 2528 quod
549 2475 774 2517 absolutus
808 2480 912 2526 erat,
948 2479 992 2517 et
1029 2476 1282 2532 ignorantes
1317 2476 1407 2531 ejus
1441 2476 1672 2526 decessum,
1706 2490 1804 2517 con-

401 2545 555 2584 vocato
606 2543 865 2598 provinciali
918 2543 1109 2600 capitulo
1161 2544 1432 2601 reelegerunt
1476 2558 1586 2585 eum.
1674 2544 1809 2596 Quod·

403 2623 498 2650 cum
543 2610 765 2653 Generalis
816 2611 1017 2653 minister
1058 2612 1251 2654 audisset
1301 2612 1447 2668 potius
1499 2615 1623 2654 motu
1674 2612 1802 2654 affec-

402 2676 535 2718 tionis
577 2692 706 2732 quam
737 2679 905 2734 judicio
945 2680 1130 2721 rationis
1161 2680 1334 2730 sactum,
1374 2683 1608 2722 convocato
1640 2679 1800 2722 iterum

400 2758 477 2799 per
509 2745 731 2798 vicarium,
770 2747 932 2789 scilicet
975 2748 1175 2789 Fratrem
1219 2747 1476 2803 Gregorium
1515 2748 1568 2789 de
1606 2747 1798 2797 Bosellis,

400 2812 601 2869 capitulo,
646 2813 874 2857 mandavit
925 2830 979 2856 ne
1026 2815 1133 2857 alias
1180 2815 1428 2858 absolutum
1475 2830 1551 2872 per
1598 2815 1798 2871 generale
