1905 3180
486 240 545 270 m:
576 239 792 271 ,invssx'ru
824 240 872 270 Ml
882 239 1051 270 :mam
1407 232 1460 271 -l-f)

66 355 261 396 Johanni
299 355 524 404 Banisti·‹=,¹
570 360 613 398 ct
670 357 859 397 ostendit
907 357 944 397 ci
994 358 1172 411 puteum
1216 356 1460 412 profundis-
1538 366 1626 398 Λ.Ι).

65 424 250 472 simum3
300 423 367 464 cui
405 438 501 464 culn
539 425 710 473 diceret,
755 424 932 473 ⁴⁴Pate1·,
976 440 1068 465 ecce
1111 425 1267 465 fratres
1305 425 1460 465 volunt
1502 414 1660 442 mmm

65 497 85 512 “
118 505 330 545 exponere
385 492 611 546 regulam3
676 493 762 533 imo
814 495 865 532 tu
919 492 1063 547 potius
1114 506 1280 546 expone
1334 493 1459 533 nobis

64 563 86 581 “
117 557 365 613 regulam;''
399 560 622 614 respondit
663 563 847 608 sanctus,
899 566 918 581 ‘⁶
938 559 1033 607 Fili,
1073 560 1182 600 vade
1214 560 1268 600 ad
1306 559 1460 601 fratres

65 633 84 647 “
117 626 255 675 laicos,
304 629 347 667 et
375 626 457 681 ipsi
491 630 710 682 exponent
744 627 826 668 tibi
861 626 1055 683 regulam
1088 626 1246 668 tuam.''
1316 627 1460 681 Igitur

62 693 281 734 annotatis
352 694 570 748 aliquibus
631 694 835 742 articulis,
908 694 1095 734 mittunt
1167 708 1237 735 eos
1304 694 1459 735 fratres

63 760 198 802 dicti²
259 761 314 802 ad
369 761 633 810 Generalelm
687 762 730 802 in
783 762 933 802 cedula
989 761 1079 802 sine
1136 762 1290 816 sigillo,
1341 762 1459 802 obse—

62 831 240 878 orantes,
294 844 370 884 per
422 829 709 884 aspersionem
757 829 981 884 sauguinis
1027 829 1135 870 Jesu
1189 828 1354 870 Christi
1408 833 1458 870 ut

58 896 251 951 regulam
314 900 428 937 stare
484 897 721 951 permittat,
771 897 883 938 sicut
925 912 950 937 a
1006 896 1167 937 Sancto
1214 897 1455 947 Fiant-ism),

60 964 251 1005 dictante
308 963 478 1019 Spiritu
526 964 696 1013 Sancto,
755 965 921 1005 tradita
973 964 1069 1005 fuit.
1149 965 1275 1005 Istud
1311 968 1457 1005 autem

59 1032 314 1073 mandatum
352 1035 442 1073 tam
485 1032 719 1087 protectori
763 1032 939 1074 Ordinis
978 1046 1108 1086 quam
1153 1035 1196 1073 et
1247 1032 1457 1074 fratribus

59 1100 357 1141 ultramarinis
399 1100 555 1142 eximie
597 1101 789 1155 placuit3
860 1103 903 1141 et
944 1100 1220 1141 confirmavit
1261 1100 1458 1141 testiino-

59 1168 181 1209 nium
214 1169 328 1222 quod
360 1168 638 1224 perhibuerat
665 1168 818 1209 Frater
850 1167 1059 1209 Albertus
1093 1167 1298 1223 Anglicis
1343 1168 1460 1208 Mor-

59 1238 161 1276 tuus
203 1239 268 1277 est
308 1239 452 1277 autem
492 1236 647 1277 Frater
690 1235 867 1291 Haymo
909 1235 1135 1291 Anagnize.
1209 1235 1280 1275 Ad
1328 1249 1456 1289 quem

59 1303 190 1344 etiam
252 1318 348 1344 cum
420 1304 705 1353 decumberet,
764 1303 1032 1344 visitandum
1081 1302 1282 1344 dominus
1338 1302 1457 1358 Papa

60 1371 341 1412 Innocentius
383 1371 458 1412 IV.
495 1371 643 1412 venire
685 1371 892 1426 dignatus
934 1373 1008 1411 est.

118 1438 236 1479 Huic
287 1441 429 1480 autem
482 1438 684 1480 successit
740 1438 893 1479 Frater
932 1437 1220 1487 Crescentius,
1263 1438 1454 1480 medicus
1562 1449 1591 1476 5.

57 1505 257 1557 famosus,
301 1506 499 1547 minister
546 1504 759 1555 Ve1-0nae,³
803 1506 922 1562 cujus
974 1505 1115 1547 zelum
1162 1505 1455 1547 inflammavit
1472 1489 1680 1565 ἒζζὲζῖξῃῒῑυς

58 1574 225 1626 caritas,
292 1574 546 1615 informavit
608 1574 803 1624 scientia,
862 1573 1138 1615 confirmavit
1200 1575 1454 1616 constantia.
1477 1578 1688 1611 *AD-1244·-

59 1641 175 1683 Nam
209 1644 300 1683 tam
343 1642 580 1684 contrarios
612 1642 696 1683 sibi
727 1641 884 1683 habuit
915 1641 1070 1683 fratres
1101 1642 1336 1697 provinciae
1368 1657 1456 1684 sure

59 1713 109 1750 ut
140 1709 187 1750 in
244 1710 337 1765 ipsa
378 1712 503 1751 nocte
555 1709 735 1765 capituli
786 1709 1012 1765 generalis,
1066 1709 1114 1750 in
1171 1724 1255 1764 quo
1298 1710 1457 1751 electus

63 1780 167 1828 erat,
221 1780 319 1833 post
368 1777 587 1832 querelam
639 1791 761 1818 suam
816 1791 947 1831 quam
987 1776 1146 1818 fecerat
1197 1777 1457 1818 zelatoribus

60 1844 237 1886 Ordinis
292 1845 344 1886 de
401 1844 634 1886 rebellione
678 1844 862 1885 fratrum
911 1857 1099 1895 suorum,
1141 1844 1310 1886 videret
1359 1859 1457 1886 eum

58 1926 170 1953 unus
210 1911 343 1953 frater
393 1912 439 1952 in
475 1912 643 1953 visione
680 1915 805 1952 tonso
822 1910 838 1934 4
880 1912 1030 1966 capite,
1078 1911 1259 1952 barbam
1305 1926 1457 1953 canam

58 1979 291 2020 habentem
325 1980 639 2035 dependentem
681 1993 816 2033 usque
868 1979 923 2021 ad
965 1978 1187 2034 cingulum
1229 1993 1367 2031 suum,
1412 1984 1456 2021 et

61 2047 232 2088 audivit
277 2061 426 2088 vocem
474 2047 526 2089 de
571 2047 678 2088 coelo
738 2046 896 2088 factam
941 2061 1068 2102 super
1119 2061 1216 2088 eum
1269 2047 1315 2087 in
1366 2047 1456 2089 haec

59 2115 216 2156 verba:
268 2114 404 2156 “Iste
447 2118 512 2156 est
558 2113 878 2156 Mardocheus.'’
942 2114 1086 2169 Igitur
1134 2128 1232 2155 cum
1264 2114 1456 2156 audisset

61 2182 214 2223 Frater
273 2181 485 2223 Radulfus
536 2182 588 2224 de
641 2182 788 2223 Remis
845 2181 1069 2233 visionem,
1128 2182 1243 2223 dixit
1293 2183 1454 2232 statim,

60 2249 185 2290 “Pro
237 2252 352 2291 certo
403 2250 493 2305 ipse
545 2250 630 2290 erit
681 2249 809 2291 hodie
863 2249 1022 2291 electus
1064 2249 1110 2290 in
1160 2249 1453 2291 Generalem.''

60 2317 170 2359 Cum
222 2320 367 2358 autem
408 2317 593 2358 fideliter
629 2320 673 2358 et
716 2317 955 2372 prudenter
1001 2317 1258 2372 aliquandiu
1304 2318 1455 2358 minis-

56 2388 221 2435 trasset,
255 2385 508 2440 impetravit
539 2385 854 2427 absolutionem
889 2399 1021 2436 suam,
1061 2388 1105 2427 et
1136 2388 1285 2441 postea
1315 2385 1453 2427 factus

57 2456 121 2494 est
154 2453 375 2508 episcopus
410 2453 602 2494 civitatis
636 2453 688 2495 de
725 2467 810 2508 qua
844 2453 1052 2494 oriundus
1078 2456 1182 2494 erat.

117 2520 234 2562 Huic
283 2534 451 2575 quoque
488 2521 692 2562 successit
736 2521 890 2562 Frater
931 2520 960 2562 J
965 2520 1154 2563 ohannes
1190 2521 1242 2562 de
1280 2521 1448 2571 Parma,
1469 2514 1616 2585 Johnessie

57 2587 201 2637 lector,
245 2588 319 2643 qui
363 2589 600 2630 sententias
649 2588 835 2631 cursorie
882 2589 1047 2644 legerat
1091 2588 1294 2640 Parisius,
1343 2604 1450 2645 prze-
1467 2598 1596 2673 Kassna.
1645 2644 1661 2674 7

1506 2667 1511 2674 .
1552 2667 1557 2674 .
1581 2646 1637 2673 124
1666 2666 1674 2673 .

103 2795 111 2813 ¹
137 2793 173 2825 de
186 2794 359 2831 Banastre‚
384 2793 468 2826 Cott.
817 2795 828 2812 ³
848 2794 989 2833 Veranio,
1006 2794 1104 2828 Ebor.

103 2847 116 2865 ²
132 2846 218 2884 dicti,
235 2857 298 2878 om.
318 2846 404 2879 Cott.
817 2848 827 2864 ⁴
846 2851 944 2885 tunso,
963 2846 1046 2880 Cott.
