1905 3180
0 2746 1 2814 l

0 2817 3 2874 l

2 2988 5 3046 Ι

3 3052 5 3118 l

632 247 866 280 EPISTOLAE.
1367 241 1448 283 431

56 376 164 420 HIC
247 375 473 418 FORMAE
564 377 954 421 PETITIONUM
1049 379 1447 422 COMMUNIUM

170 443 492 486 ORDINATA
540 446 984 489 DISTINCTIONE
1030 446 1191 491 SUNT
1235 448 1446 490 SUBIN-

167 511 485 555 FERENDAE.

612 620 716 662 CAP.
751 621 789 662 V
794 620 879 662 III.

107 717 302 773 Denique
355 733 489 774 quum
542 719 938 762 Christianissimus
994 734 1070 762 rex
1123 721 1305 777 Angliae,
1353 736 1441 777 pra}

48 786 248 829 omnibus
302 787 475 843 regibus
529 790 668 839 terrae,
727 791 889 831 sanctae
946 789 1227 844 paternitatis
1284 793 1441 832 vestrae

47 855 160 896 filius
204 854 520 908 devotissimus,
576 856 745 912 Spiritu
794 857 954 898 Sancto
1002 860 1266 912 praeventus,
1310 857 1441 899 infin·-

45 926 188 965 matus
224 923 518 965 ecclesiasticis
554 925 948 980 praedicationibus,
995 925 1282 981 indulgentiis
1325 925 1443 982 Apo-

47 991 207 1033 stolicis
245 991 475 1043 animatus,
515 992 814 1034 inflammatus
865 993 1024 1036 coelicis
1076 994 1440 1047 aemulationibus,

46 1059 98 1101 de
152 1061 308 1101 vestrae
362 1060 646 1103 sublimitatis
696 1061 898 1117 praesidio
960 1062 1188 1117 magnifice
1243 1063 1439 1115 confisus,

46 1127 99 1170 ad
139 1127 427 1169 ulciscendam
473 1128 714 1170 Salvatoris
743 1130 961 1184 injuriam,
999 1130 1054 1171 ad
1096 1144 1278 1185 regnum
1315 1132 1442 1172 coelo-

44 1210 139 1236 rum
190 1195 528 1248 sublimandum,
581 1197 636 1238 ad
687 1198 1001 1239 exaltationem
1047 1197 1282 1240 Catholicae
1326 1199 1439 1249 fidei,

43 1263 99 1305 ad
149 1263 454 1306 dilatationem
512 1264 774 1308 Christianae
831 1265 1065 1321 religionis,
1128 1266 1316 1322 regalem
1359 1267 1438 1307 hu-

43 1346 208 1373 merum
260 1347 499 1389 supponere
542 1333 731 1375 vivificae
773 1333 910 1375 crucis
961 1333 1125 1375 vexillo
1162 1334 1437 1376 irrevocabili

43 1400 218 1456 pietatis
259 1401 480 1457 proposito
522 1402 744 1458 cogitavit,
787 1405 831 1443 et
872 1402 1109 1444 secundum
1153 1402 1267 1457 quod
1309 1404 1436 1453 tanti,

43 1471 133 1510 tam
171 1469 384 1511 Catholici
425 1470 632 1526 principis
670 1470 792 1512 decet
832 1470 1213 1526 magnificentiam,
1244 1470 1439 1526 profusas

45 1551 173 1592 opum
214 1537 356 1593 copias
400 1552 627 1594 exponere,
661 1553 829 1580 armare
860 1538 1061 1580 robustos
1093 1541 1331 1580 castrorum
1364 1554 1438 1581 ex·-

44 1604 210 1657 ercitus,
244 1605 448 1661 gravidas
480 1606 679 1648 classium
712 1606 1019 1648 multitudines
1055 1606 1281 1659 instruere,
1323 1611 1435 1649 terra

43 1673 234 1728 marique
279 1673 353 1728 jus
402 1674 576 1730 imperii
630 1674 872 1716 Christiani
924 1674 1183 1724 distendere,
1238 1675 1436 1732 subigere

44 1740 314 1782 ecclesiastici
355 1742 625 1798 principatus
665 1743 971 1799 gubernationi
1015 1743 1237 1784 credentes
1283 1747 1327 1785 et
1373 1744 1439 1784 in-

43 1809 245 1859 credulos,
278 1824 448 1852 omnem
470 1825 639 1866 quoque
672 1811 810 1852 cordis
849 1811 1118 1867 magnanimi
1154 1811 1357 1853 fiduciam
1390 1812 1435 1853 in

45 1875 193 1932 Ipsum
225 1878 464 1934 projiciens,
508 1893 586 1935 per
629 1894 754 1934 quem
796 1893 918 1934 reges
954 1883 1147 1934 regnant,
1190 1894 1267 1935 per
1308 1895 1435 1935 quem

43 1945 184 2001 legum
227 1947 470 1989 conditores
505 1947 628 2003 justa
671 1947 921 1997 decernunt,
955 1962 1031 2003 per
1063 1962 1189 2003 quem
1221 1948 1435 2004 principes

43 2012 258 2069 imperant
295 2018 338 2057 et
369 2018 572 2071 potentes
605 2016 845 2057 decernunt
869 2015 1104 2071 justitiam,
1142 2016 1194 2057 de
1237 2030 1322 2071 quo
1363 2017 1434 2057 ille

42 2081 233 2124 fidelium
264 2084 523 2139 populorum
544 2083 838 2125 validissimus
868 2086 1166 2140 propugnator
1197 2084 1271 2135 ait,
1297 2084 1436 2126 “Non

44 2153 68 2172 “
97 2153 162 2192 est
205 2151 453 2193 differentia
498 2152 545 2193 in
597 2158 827 2207 conspectu
871 2151 955 2193 Dei
1001 2152 1185 2194 liberare
1232 2152 1279 2193 in
1325 2153 1438 2194 mul-

44 2221 68 2241 “
97 2218 155 2260 tis
185 2219 255 2261 vel
286 2220 333 2261 in
354 2221 513 2276 paucis,
549 2220 652 2276 quia
679 2236 769 2262 non
812 2221 860 2261 in
892 2220 1178 2262 multitudine
1220 2221 1435 2263 exereitus

45 2289 68 2309 “
97 2287 279 2330 victoria
310 2289 427 2341 belli,
461 2289 537 2331 sed
570 2289 622 2330 de
653 2289 761 2331 coelo
791 2288 1004 2330 fortitudo
1042 2288 1145 2341 est,”
1168 2289 1224 2331 ad
1259 2289 1434 2331 Terram

45 2353 247 2397 Sanctam
278 2371 304 2398 a
334 2356 527 2412 profanis
558 2357 861 2413 pervasoribus
882 2357 1155 2398 liberandam
1188 2357 1435 2413 triumplia-

43 2421 127 2464 lem
158 2425 350 2466 animum
381 2425 721 2482 magnanimiter
755 2425 954 2467 accinxit.
1018 2425 1077 2468 Et
1118 2425 1223 2480 quid
1265 2425 1435 2467 dicam?

45 2489 204 2533 Annon
239 2495 400 2534 terram
448 2493 704 2536 felicissimae
755 2492 1044 2550 possessionis,
1082 2507 1229 2535 annon
1270 2496 1433 2535 terram

46 2557 219 2601 Divinis
269 2561 418 2602 usibus
468 2561 771 2617 gloriosissime
823 2560 1104 2603 dedicatam?
1206 2561 1434 2615 Numquid

44 2639 131 2668 non
171 2627 264 2684 ipsa
305 2633 369 2671 est
410 2632 529 2671 terra
580 2644 711 2686 quam
751 2629 967 2684 benignus
1020 2632 1142 2684 pater
1193 2629 1432 2684 imprecans

44 2693 268 2738 benedicto
313 2697 402 2738 filio
455 2698 543 2739 ait:
600 2698 735 2738 “Det
786 2697 869 2738 tibi
915 2697 1034 2737 Deus
1086 2697 1139 2738 de
1190 2711 1285 2737 rore
1335 2697 1431 2738 coeli

45 2764 69 2782 “
98 2766 141 2803 et
201 2764 252 2805 de
304 2765 620 2821 pinguetudine
661 2768 798 2814 terrae,
852 2764 1168 2805 abundantiam
1211 2764 1428 2814 frumenti,

61 2833 70 2849 ι

46 2831 56 2850 ‘
98 2829 191 2871 vini
232 2835 276 2873 et
313 2832 405 2882 olei,
440 2836 483 2875 et
525 2833 718 2875 serviant
760 2832 843 2874 tibi
878 2822 1038 2887 populi,
1076 2835 1120 2873 et
1161 2832 1344 2874 adorent
1387 2835 1429 2873 te

1462 730 1542 763 And
1566 732 1621 765 the

1461 778 1529 807 zcal
1546 778 1584 808 of

1461 821 1576 862 Ileury
1594 827 1626 853 to

1461 865 1513 895 the
1536 867 1620 897 Cru-

1461 910 1547 941 sade.
