1905 3180
446 231 530 273 318
920 238 1026 270 ADAE
1059 238 1121 269 DE
1152 237 1352 270 MARIsoo

1019 370 1288 414 CLXXVII.

441 478 599 525 Fratri
652 479 721 529 W„
773 478 993 521 Ministro
1057 476 1254 532 Aozsgylicc,
1305 477 1466 520 Frater
1508 477 1619 522 Adeo
1666 482 1705 520 et
1747 482 1842 523 tam

560 547 756 590 debitam
787 561 927 604 qzmm
963 546 1166 590 devotam
1196 544 1379 603 subjecti
1405 545 1672 603 famulatus
1700 545 1842 590 obedi,

561 616 744 659 cnc'imn.

219 728 308 769 Begs
323 732 357 759 to
373 728 413 759 be
500 718 603 760 Non
643 717 799 773 putavi
830 718 885 758 ad
913 716 1106 772 providae
1141 715 1534 772 circumspectionis
1570 718 1726 758 vestrae
1759 716 1842 758 dis-

220 773 364 857 ξζρορῗξξὲ
443 787 673 829 cretionem
725 786 937 827 utendum
993 784 1081 826 fore
1129 784 1373 827 rationibus
1421 785 1731 840 persuasoriis3
1768 785 1841 827 sed

220 861 288 891 him
306 866 338 892 at
443 855 708 896 solummodo
741 855 796 895 ad
832 857 1058 909 paternam
1104 852 1389 908 benignitatis
1432 856 1590 894 vestrae
1633 853 1840 908 pietatem

219 904 430 980 ἒῖᾶξὲζῗθᾝ
442 923 669 964 sumendas
711 937 798 964 esse
840 921 1022 963 humiles
1075 921 1332 962 devotarum
1381 935 1555 976 precum
1596 921 1838 963 instantias.

218 993 381 1024 ill-health
442 991 625 1032 Proinde
679 990 908 1031 suaxitatis
964 992 1119 1030 vesti-fe
1180 988 1371 1044 supplico
1434 989 1682 1038 clementiae,
1745 1003 1841 1032 cum

218 1037 421 1122 ἓὲἓρῗῖῑέῢ
440 1062 602 1114 quanta
670 1058 792 1099 valeo
843 1072 1000 1113 rogans
1060 1057 1312 1107 intentione,
1358 1060 1571 1112 quatenus
1623 1057 1841 1113 perpensis

218 1125 269 1157 his
287 1126 419 1158 studies.
438 1127 569 1168 studii
610 1126 809 1182 urgentia
850 1140 946 1167 cum
1004 1125 1204 1180 angustia
1252 1125 1468 1181 temporis,
1522 1126 1708 1181 corporis
1767 1140 1842 1168 Va-

437 1195 630 1238 letudine
690 1209 786 1236 cuni
856 1193 990 1235 animi
1045 1193 1253 1243 molestia,
1317 1196 1466 1249 parcat
1521 1193 1631 1236 mihi
1683 1197 1840 1236 vestrae

436 1264 678 1305 sanctitatis
733 1263 870 1317 pietas
924 1261 1090 1303 intuitu
1156 1262 1292 1303 sancti
1351 1261 1589 1304 Salvatoris
1653 1265 1697 1304 et
1743 1262 1842 1318 piis-

438 1333 557 1375 simae
589 1331 790 1386 Virginis,
840 1345 894 1371 ne
941 1344 1068 1385 cogar
1099 1344 1195 1371 cum
1227 1330 1457 1385 multiplici
1487 1330 1645 1372 mentis
1677 1333 1721 1373 et
1753 1345 1843 1372 cor-

439 1401 553 1456 poris
618 1399 869 1448 discrimine,
924 1398 1034 1440 sicut
1097 1412 1233 1453 nuper
1284 1398 1391 1438 mihi
1442 1398 1678 1454 scripsistis,
1727 1399 1842 1454 apud

440 1467 651 1510 Bedeford
724 1467 845 1508 vobis
913 1481 1141 1515 occurrere,
1204 1466 1523 1521 beneplacitum
1579 1466 1842 1509 honorabilis

438 1536 691 1577 reverentiae
732 1538 889 1576 vestrz'e
920 1549 996 1590 per
1026 1535 1207 1575 latorem
1238 1535 1518 1589 praesentium
1561 1549 1668 1576 meae
1700 1535 1842 1590 parvi-

439 1604 543 1645 tatis
574 1603 814 1645 humilitati
847 1603 1077 1658 signantes,
1111 1601 1300 1643 Domino
1347 1602 1544 1657 propitio,
1578 1617 1654 1658 per
1685 1603 1838 1654 omnia,

435 1672 545 1713 sicut
576 1672 754 1727 dignum
787 1674 859 1717 est,
889 1670 1154 1725 jussionibus
1186 1670 1340 1711 vestris
1371 1685 1498 1726 super
1538 1670 1583 1711 id
1624 1671 1840 1713 modicum

436 1740 550 1794 quod
602 1742 743 1794 potest
802 1738 1106 1792 obtemperare.
1190 1737 1379 1779 Praefata
1431 1752 1526 1792 quae
1584 1739 1711 1795 tetigi
1757 1740 1840 1781 dis-

439 1807 629 1856 crimina,
665 1810 756 1847 tam
788 1805 925 1847 menti
957 1820 1086 1860 quam
1119 1805 1295 1860 corpori,
1329 1806 1365 1846 si
1395 1806 1586 1847 laborem
1617 1807 1841 1863 aggrediar

437 1889 563 1930 quem
594 1874 702 1915 1111111
743 1873 1014 1929 praecepistis
1049 1873 1185 1929 magis
1217 1873 1327 1929 eligo
1359 1873 1439 1915 sub
1472 1874 1641 1916 silentio
1687 1879 1840 1930 praete-

434 1944 530 1992 rire,
564 1957 694 1999 quam
741 1945 897 1983 vestrae
938 1942 1114 1997 pietatis
1151 1941 1327 1983 auribus
1371 1945 1439 1983 tot
1469 1942 1838 1998 interpeUantium

435 2011 611 2051 vocibus
643 2011 905 2051 incessanter
952 2009 1168 2064 occupatis
1201 2024 1297 2050 oum
1340 2009 1590 2064 prolixitate
1633 2011 1839 2053 sermonis

434 2078 633 2133 ingerere.
688 2077 872 2118 Habetis
901 2077 1165 2118 carissimum
1196 2080 1364 2132 patrem
1396 2077 1441 2118 P.
1476 2077 1528 2118 de
1565 2077 1839 2134 Theokesby-

434 2145 509 2195 ria,
545 2146 618 2199 qui
662 2145 999 2200 qualemcunque
1031 2159 1202 2186 sensum
1233 2159 1377 2186 meum
1408 2145 1455 2186 in
1485 2146 1538 2186 iis
1580 2146 1632 2188 de
1684 2147 1837 2202 quibus

435 2213 662 2254 tractaturi
705 2212 815 2261 estis,
861 2216 911 2253 ut
954 2227 1057 2262 reor,
1106 2227 1195 2253 non
1236 2213 1418 2268 ignorat.
1484 2213 1671 2255 Habetis
1707 2215 1836 2257 etiam

434 2280 663 2335 providum
726 2280 1059 2335 amplexandum
1110 2281 1326 2322 societatis
1386 2284 1542 2323 vestrae
1604 2282 1836 2325 consilium.

437 2347 622 2388 Habetis
670 2362 848 2403 quoque,
884 2351 934 2388 ut
965 2348 1100 2397 credo,
1150 2348 1398 2389 maturioris
1429 2348 1656 2392 industriae
1708 2350 1833 2402 viros,

437 2430 541 2470 quos
592 2418 643 2456 ut
703 2415 827 2455 vobis
895 2418 1122 2456 occurrant
1198 2417 1421 2468 evocastis,
1489 2416 1645 2471 quibus
1696 2417 1835 2460 adhuc

435 2483 539 2524 alios
571 2496 800 2538 aggregare
847 2482 985 2523 videri
1028 2484 1189 2538 poterit
1240 2498 1561 2539 supervacuum,
1607 2488 1834 2539 quantum-

437 2565 602 2605 cunque
646 2564 803 2605 magna
849 2549 1010 2591 fuerint
1056 2551 1240 2607 negotia,
1287 2552 1339 2592 de
1371 2552 1527 2606 quibus
1558 2567 1633 2607 per
1664 2552 1834 2594 Divini-

435 2619 540 2660 tatis
571 2618 754 2673 gratiam
788 2618 889 2659 estis
920 2619 1160 2659 tractaturi.
1229 2618 1357 2670 Quod.
1399 2620 1433 2660 si
1476 2619 1581 2674 quid
1613 2621 1776 2662 consilii
1807 2635 1833 2661 a

435 2701 504 2727 me
535 2686 771 2740 paternitas
817 2688 961 2726 vestra
986 2685 1154 2739 judicat
1194 2687 1283 2728 fore
1314 2687 1631 2742 requirendum,
1675 2687 1833 2743 poterit

436 2753 553 2801 illud,
588 2756 716 2807 prout
741 2753 1036 2807 praeceperitis,
1074 2753 1197 2795 vobis
1228 2769 1304 2809 per
1333 2754 1523 2796 litteram
1554 2755 1771 2796 insinuari.

497 2820 658 2869 Valeat,
693 2822 771 2862 etc,
