1905 3180
621 255 854 285 Eris'rOLl-E.
1346 246 1427 284 411

617 500 828 543 CCXLV.

407 624 650 666 Fratribus
684 630 737 666 N.
770 629 807 666 et
839 624 895 666 N.
927 624 1131 667 salutem.

97 752 200 795 Non
231 751 324 793 sine
354 752 599 806 gratiarum
630 752 800 793 actione
831 751 1010 807 fulgidae
1042 751 1239 793 caritatis
1270 754 1427 792 vestra:
1446 760 1590 809 Afllqtter
1606 761 1645 792 of

40 819 250 862 efficacem
291 818 518 874 epistolam
552 819 886 860 consolatoriam
918 819 1122 873 praeferre
1154 817 1429 859 disertitudi-
1447 805 1600 878 Ξξῖἓὲῒῖι

38 901 137 929 nem
168 886 308 928 avidis
345 886 617 927 consideravi
645 886 894 927 luminibus.
957 886 1091 940 Cujus
1122 890 1270 927 tamen
1301 885 1429 926 series
1447 891 1525 923 tion.

37 967 312 1009 nequaquam
352 953 490 994 risum
520 953 697 995 miscuit
739 953 886 994 dolori.
950 953 1037 994 Sed
1069 953 1301 1007 multiplici
1332 966 1430 1007 pro-

37 1021 235 1077 portione
280 1023 432 1062 contra
472 1021 737 1062 sententiam
780 1020 1055 1071 Divinitatis,
1099 1020 1328 1061 mixtionis
1371 1019 1430 1060 le-

36 1102 134 1144 gem
164 1087 385 1138 excedens,
417 1087 543 1128 illum
573 1088 620 1128 in
652 1087 780 1128 istius
811 1087 1042 1128 transtulit
1074 1087 1429 1137 dominationem,

35 1158 86 1197 ut
116 1154 416 1196 vehementius
447 1160 642 1195 extrema
672 1154 822 1209 gaudii
862 1154 1003 1195 luctus
1036 1157 1273 1209 occuparet.
1358 1153 1430 1193 In-

36 1222 230 1264 seruistis
260 1222 332 1276 pio
364 1222 551 1262 sermoni
583 1221 935 1262 exhortationem
964 1222 1016 1262 de
1058 1236 1146 1262 non
1178 1221 1427 1270 diffidendo,

35 1290 137 1344 quia
178 1303 267 1330 non
311 1292 377 1329 est
420 1303 574 1329 manus
622 1288 803 1329 Domini
854 1289 1109 1329 abbreviata
1159 1292 1210 1329 ut
1261 1288 1429 1329 salvare

35 1359 231 1411 nequeat.
285 1356 561 1397 Omnimodis
592 1355 876 1396 benefecistis.
940 1356 1047 1407 Quis
1069 1356 1186 1396 enim
1206 1355 1323 1397 locus
1345 1355 1428 1396 erit

36 1423 285 1465 diffidentiae
318 1437 415 1464 cum
447 1422 565 1464 dicat
597 1422 682 1463 Dei
711 1423 865 1473 virtus,
897 1422 981 1463 Dei
1012 1423 1238 1478 sapientia,
1273 1427 1295 1444 “
1319 1422 1430 1465 Con-

35 1494 59 1513 “
88 1490 222 1541 fidite,
253 1490 357 1544 quia
388 1504 466 1546 ego
495 1490 578 1532 vici
611 1489 875 1531 munduin”‘3
916 1490 1028 1531 Vere
1062 1491 1237 1545 quidem
1269 1491 1329 1531 sic
1365 1495 1429 1532 est

34 1557 143 1598 sieut
183 1557 405 1612 scripistis.
482 1557 568 1598 Sed
599 1557 814 1612 numquid
855 1557 936 1598 hoc
983 1558 1204 1613 absterget
1258 1572 1429 1599 omnem

33 1623 270 1679 lacrymam
311 1623 366 1664 ab
405 1624 536 1665 oculis
571 1624 765 1665 virorum
795 1625 1066 1680 gementium
1107 1629 1151 1666 et
1185 1624 1428 1666 dolentium

34 1705 159 1747 super
208 1691 620 1743 abominationibus,
668 1706 762 1746 quae
814 1691 978 1733 fuerint
1018 1692 1067 1732 in
1112 1692 1255 1734 medio
1298 1692 1430 1734 Jeru-

34 1758 196 1800 salem?
277 1758 345 1800 De
382 1772 566 1813 quorum
598 1773 779 1800 numero
822 1758 979 1800 efficiat
1019 1773 1098 1800 nos
1129 1759 1214 1811 ille,
1247 1760 1322 1815 qui
1363 1774 1428 1800 se-

34 1826 221 1867 cundum
272 1829 466 1867 tenorem
517 1825 892 1867 excellentissimae
940 1825 1216 1880 professionis
1267 1831 1427 1869 nostrae

27 1893 222 1948 juratam
265 1893 454 1949 Spiritui
491 1893 652 1935 Sancto
690 1896 793 1934 ante
834 1893 1072 1935 terrificum
1106 1894 1303 1935 tribunal
1339 1895 1426 1936 form

35 1960 372 2002 midandissimae
434 1960 683 2015 Majestatis
734 1961 987 2002 electionem
1038 1965 1234 2003 nostram
1274 1963 1321 2002 in
1357 1962 1427 2004 die

34 2027 118 2069 ista
148 2031 276 2069 vocat
307 2028 364 2069 ad
394 2027 545 2069 fletum
586 2032 631 2069 et
663 2028 719 2069 ad
760 2028 997 2083 planctum,
1030 2032 1074 2070 et
1110 2030 1166 2070 ad
1198 2030 1427 2071 calvitium

36 2097 80 2136 et
108 2095 165 2136 ad
201 2095 421 2150 cingulum
457 2096 580 2147 sacci,
616 2099 660 2136 et
697 2095 851 2151 dignos
884 2110 963 2137 nos
999 2096 1158 2137 faciens
1183 2097 1231 2137 in
1252 2100 1425 2152 partem

35 2162 160 2203 sortis
181 2165 427 2204 sanctorum
454 2163 503 2203 in
527 2163 703 2212 lumine,
734 2167 778 2204 et
804 2163 989 2218 eripiens
1016 2178 1094 2205 nos
1126 2164 1178 2205 de
1210 2167 1426 2218 potestate

35 2230 307 2271 tenebrarum
341 2233 385 2271 et
418 2229 683 2271 transferens
724 2230 772 2270 in
812 2244 995 2285 regnum
1037 2231 1142 2271 Filii
1182 2231 1426 2273 dilectionis

34 2309 130 2338 suae.
220 2297 529 2338 Putandumne
570 2301 635 2338 est
687 2297 805 2352 quod
846 2297 1157 2352 omnipotentis
1197 2299 1423 2354 sapientise

0 2364 1 2371 ’
35 2362 290 2419 benignitas,
333 2379 465 2419 quam
506 2379 675 2406 necesse
717 2371 783 2406 est
831 2365 879 2406 in
919 2365 1121 2407 universo
1163 2381 1297 2422 regno
1339 2366 1426 2408 Dei

34 2431 279 2484 perenniter
330 2435 374 2473 et
423 2432 538 2473 bona
589 2432 772 2487 probare
829 2436 873 2474 et
929 2433 1045 2474 mala
1099 2434 1328 2488 reprobare
1380 2437 1424 2475 et

0 2501 2 2503 ’
34 2497 234 2539 universa
269 2498 480 2550 ordinare,
514 2502 592 2540 aut
632 2502 820 2554 nequeat
861 2502 939 2540 aut
979 2500 1143 2541 nesciat
1181 2504 1259 2541 aut
1299 2501 1422 2551 nolit,

35 2566 79 2605 et
112 2565 259 2606 ruinas
312 2565 473 2621 erigere
506 2569 551 2607 et
597 2580 760 2607 errores
810 2567 1021 2621 corrigere
1058 2570 1103 2608 et
1142 2582 1280 2623 prava
1321 2566 1425 2608 diri-

0 2635 4 2679 s
34 2633 161 2685 gere?
223 2631 450 2688 Numquid
493 2633 573 2674 hoc
604 2636 648 2674 et
680 2633 824 2674 luctus
854 2633 1164 2689 prophetarum
1207 2638 1252 2677 et
1291 2635 1426 2690 patri-

34 2697 257 2739 archarum
296 2698 566 2751 lamentatio,
604 2703 649 2741 et
702 2700 831 2741 fletus
874 2700 1109 2756 Unigeniti
1151 2705 1195 2743 et
1235 2702 1423 2757 Aposto-

34 2761 172 2806 lorum
196 2765 403 2820 ploratus,
439 2770 485 2809 et
509 2767 626 2808 ultra
655 2767 885 2822 lacrymosi
919 2770 1167 2810 sanctorum
1207 2783 1423 2818 moerores,
