1905 3180
324 283 377 330 78
802 289 907 322 ADAE
941 290 1000 322 DE
1031 288 1226 320 MAmsco

322 407 482 450 litteris
531 407 605 461 (sit
651 406 908 448 liberalitati
954 408 1111 448 vestrae
1156 403 1421 461 sempiterna
1466 402 1717 460 retributio)

322 476 566 517 luculenter
596 475 854 516 insinuatur.

100 550 172 581 The
188 559 265 600 ἠοῖ,
404 544 579 586 Liberet
639 544 675 585 si
729 543 879 584 liceret
937 542 1200 584 occasionem
1275 541 1509 582 salut-arem
1566 539 1719 581 salutis

99 594 305 670 ἓξῗίἰξᾙέἕέ
323 612 621 669 dispensatori,
702 625 951 667 quanquam
1017 610 1221 665 imperito
1300 624 1506 660 sermone,
1570 611 1719 649 tamen

323 681 549 723 affectione
612 680 808 730 sollicita,
867 679 914 720 in
975 678 1114 720 tantis
1177 677 1435 719 salutarium
1492 691 1719 719 causarum

321 750 529 806 cogentiis
562 749 919 805 qualitercunque
957 746 1256 789 subinducere.
1312 746 1399 788 Sed
1425 746 1562 801 quid?
1607 745 1719 786 Con-

320 822 493 874 ceptum
543 832 783 859 sermonem
838 815 934 872 quis
991 818 1138 857 tencre
1195 815 1394 871 poterit?
1470 814 1541 856 Sit
1584 812 1720 854 Altis-

319 887 427 928 simo
461 886 679 928 Salvatori
726 883 1052 941 superexaltata
1085 883 1345 934 benedictio,
1382 882 1460 938 qui
1500 881 1720 923 salvandis

320 954 548 995 animabus
598 956 750 995 contra
802 956 894 994 tam
947 951 1116 993 nefaria
1167 951 1506 1007 periculosorum
1552 953 1720 1006 tempo-

321 1038 417 1064 rum
470 1022 663 1064 facinora
714 1022 769 1062 ad
821 1019 1205 1076 metropolitanam
1257 1023 1397 1061 tantm.
1450 1018 1563 1060 sedis
1600 1018 1719 1059 celsi-

320 1091 521 1134 tudinem
567 1090 824 1131 sublimavit
871 1088 1232 1144 archipraesulem,
1272 1102 1401 1142 quem
1449 1090 1494 1129 et
1528 1087 1720 1142 dignitas

320 1160 476 1215 inclyti
528 1158 698 1215 generis
753 1161 797 1199 et
853 1157 914 1213 pii
970 1156 1160 1213 pectoris
1217 1156 1456 1208 humilitas,
1514 1155 1718 1196 innocen-

320 1229 395 1270 tiae
444 1227 615 1283 placida
664 1225 859 1268 suavitas
909 1228 954 1267 et
999 1225 1210 1266 sedulitas
1267 1239 1418 1266 serena
1460 1223 1721 1265 benevolen-

321 1297 412 1348 tiae‚
455 1295 703 1337 sobrietatis
735 1294 862 1335 decor
903 1293 1090 1334 eximius
1132 1296 1177 1335 et
1212 1293 1382 1348 insigne
1426 1292 1553 1334 decus
1595 1291 1722 1333 casti-

321 1365 439 1412 tatis,
490 1362 768 1404 rectitudinis
826 1353 1048 1404 aemulatio
1091 1365 1135 1403 et
1187 1360 1422 1402 detestatio
1474 1359 1719 1416 pravitatis,

321 1432 465 1474 titulis
497 1430 744 1472 clarissimis
775 1430 984 1485 insignire
1014 1429 1347 1485 conspiciuntur.
1414 1429 1559 1484 Igitur
1591 1443 1719 1484 quam

322 1500 559 1556 lugendum
625 1498 714 1540 fore
782 1497 998 1539 constabit
1061 1498 1227 1539 cunctis
1294 1497 1461 1539 saeculis
1524 1497 1560 1538 si
1631 1511 1722 1537 non

322 1573 415 1611 tam
457 1568 625 1623 fulgens
676 1567 851 1608 lucerna
891 1566 938 1607 in
980 1570 1073 1607 tam
1125 1566 1360 1622 spectabile
1413 1565 1721 1607 candelabrum

323 1636 524 1679 culminis
565 1635 839 1677 ecclesiastici
882 1634 1096 1676 divinitus
1128 1634 1348 1686 collocata,
1381 1637 1425 1675 et
1457 1634 1604 1675 valida
1634 1634 1723 1675 vir-

322 1708 430 1757 tute,
484 1707 529 1746 et
580 1703 808 1759 splendida
850 1703 1123 1753 discretione,
1166 1706 1210 1744 et
1260 1702 1430 1744 fervida
1476 1702 1721 1754 dilectione,

322 1774 466 1814 luceat
497 1771 698 1812 omnibus
721 1771 863 1825 quiin
896 1771 1023 1811 domo
1047 1770 1130 1812 Dei
1161 1774 1275 1812 sunt.
1336 1770 1463 1822 Quod
1486 1770 1722 1812 dumtaxat

323 1841 417 1882 fieri
448 1840 616 1881 valebit
658 1839 895 1880 divinitate
937 1839 1140 1894 propitia,
1176 1839 1211 1880 si
1254 1839 1450 1894 specialis
1482 1838 1555 1879 ille
1587 1853 1723 1880 sacer-

324 1909 477 1950 dotum
512 1907 741 1949 aemulator
777 1921 875 1948 cum
913 1907 1071 1948 effectu
1113 1907 1331 1958 audiatur,
1372 1905 1447 1962 qui
1484 1897 1718 1963 primatem

323 1976 579 2033 pontificum
611 1975 834 2031 alloquens
865 1974 956 2016 ait:
987 1975 1096 2016 “De
1126 1978 1282 2017 caetero
1315 1978 1511 2031 oportere
1543 1978 1587 2017 te
1619 1990 1720 2028 esse,

325 2050 347 2067 “
379 2044 613 2095 considera,
668 2044 850 2085 formam
896 2043 1094 2098 justitam,
1139 2044 1438 2085 sanctimoniae
1485 2044 1721 2099 speculum,

323 2118 346 2136 ‘⁴
378 2113 555 2169 pietatis
597 2111 833 2167 exemplar,
865 2114 1122 2153 assertorem
1166 2112 1379 2163 verita-tis,
1432 2112 1534 2154 fidei
1577 2112 1723 2153 defen-

326 2187 347 2204 “
379 2196 529 2233 sorem,
579 2181 798 2222 doctorem
849 2180 1061 2236 gentium,
1114 2180 1301 2222 amicum
1344 2180 1502 2236 sponsi,
1555 2195 1722 2236 sponsae

379 2249 739 2306 paranymphum,
808 2249 909 2290 cleri
976 2249 1283 2300 ordinatorem,
1346 2249 1524 2305 plebum
1575 2252 1723 2304 pasto-

381 2333 483 2369 rem,
516 2318 778 2373 magistrum
809 2317 1123 2372 insipientium,
1156 2317 1373 2373 refugium
1406 2332 1720 2374 oppressorum,

326 2392 617 2442 “pauperum
681 2386 956 2437 advocatum,
1019 2386 1275 2427 miserorum
1336 2399 1468 2441 spem,
1532 2389 1721 2428 tutorem

327 2460 349 2477 ‘⁶
381 2455 658 2510 pupillorum,
709 2453 902 2509 judicem
963 2454 1212 2503 viduarum,
1265 2454 1436 2495 oculum
1500 2468 1722 2506 caecorum,

327 2527 349 2545 “
381 2523 579 2578 linguam
634 2525 869 2573 mutorum,
904 2521 1108 2564 baculum
1152 2536 1315 2573 senum,
1357 2522 1544 2563 ultorem
1595 2522 1723 2564 scele-

327 2596 350 2614 “
382 2606 495 2641 rum,
547 2591 759 2632 malorum
812 2594 988 2640 metum,
1041 2590 1257 2631 bonorum
1310 2590 1507 2646 gloriam,
1549 2591 1718 2646 virgam

327 2664 350 2682 ‘⁴
382 2658 642 2715 potentium,
684 2659 797 2714 regis
835 2662 1016 2713 patrem,
1049 2658 1113 2699 sal
1144 2661 1283 2707 terrae,
1319 2657 1521 2699 omnibus
1561 2658 1721 2710 lumen,

328 2732 351 2750 ‘⁴
384 2727 650 2769 sacerdotem
711 2726 943 2777 Altissimi,
999 2725 1213 2768 vicarium
1265 2726 1441 2778 Christi,
1497 2726 1721 2769 Christum

328 2801 351 2818 ‘⁶
384 2794 599 2837 Domini.”

388 2863 470 2905 Sed
526 2863 738 2918 numquid
779 2863 870 2906 lucc
920 2863 979 2906 sic
1022 2878 1066 2906 se
1108 2862 1266 2906 habere
1307 2866 1514 2923 poterunt
1557 2863 1592 2906 si
1634 2878 1722 2906 non

325 2254 348 2273 (ί

327 2323 348 2341 (ί
