1905 3180
460 261 544 302 226
932 266 1037 299 ADAE
1071 268 1132 298 DE
1162 266 1358 299 MAaisco

457 388 611 429 ocriter
643 386 856 428 desiderat
888 386 1103 427 societatis
1135 386 1410 441 adjutorium,
1445 390 1488 429 et
1520 391 1695 444 propter
1716 388 1853 431 officia

454 456 638 510 pietatis,
687 458 731 496 et
783 458 959 510 propter
1010 455 1263 495 documenta
1318 455 1528 505 veritatis,
1583 460 1627 498 et
1678 461 1852 512 propter

453 523 736 565 incitamenta
772 523 976 574 virtutis3
1013 522 1257 563 sedulitatis
1300 526 1456 565 vestrae
1501 524 1708 566 suavitati
1754 540 1852 581 sup-

452 591 563 646 plico
595 591 819 642 attentius,
857 590 977 632 adita
1007 590 1236 632 memorati
1280 591 1449 632 comitis
1496 593 1727 646 praesentia
1757 593 1848 634 sine

451 673 582 701 morae
626 659 859 715 dispendio,
892 659 928 700 si
954 673 1038 714 quo
1080 658 1208 700 modo
1251 658 1341 700 fieri
1376 660 1536 715 poterit
1566 659 1727 717 absque
1759 661 1850 702 ani-

450 742 619 768 marum
671 727 942 776 detrimento,
991 741 1069 782 pro
1129 725 1287 782 quibus
1334 726 1379 767 in
1422 728 1646 770 tremendo
1683 728 1847 784 judicio

449 795 682 837 secundum
714 799 870 837 vestrae
902 794 1141 850 sponsionis
1173 794 1439 851 exigentiam
1472 795 1713 838 districtam
1745 797 1847 838 estis

447 863 660 905 reddituri
691 864 912 913 rationem,
947 862 1138 917 ejusdem
1170 863 1339 905 comitis
1370 863 1453 919 piis
1478 863 1676 920 precibus
1706 879 1847 907 assen-

444 945 537 972 sum
569 932 828 973 benevolum
858 931 1049 987 praebere
1080 930 1238 972 velitis.

518 999 674 1040 Valeat
696 1004 851 1041 vestrae
878 998 1119 1041 dilectionis
1150 998 1373 1041 sinceritas
1403 999 1451 1041 in
1474 999 1646 1042 Christo
1678 1009 1845 1056 semper

441 1070 485 1109 et
528 1067 775 1109 beatissima
805 1067 995 1123 Virgine.
1058 1067 1153 1108 Etsi
1185 1081 1272 1108 non
1304 1071 1487 1122 quantas
1517 1068 1627 1118 volo,
1661 1072 1844 1124 quantas

440 1138 587 1177 tamen
607 1136 730 1177 valeo
762 1149 838 1191 pro
869 1135 1119 1177 liberalibus
1149 1135 1232 1191 piae
1265 1135 1508 1177 sedulitatis
1541 1136 1688 1178 officiis
1719 1137 1842 1179 vobis

439 1204 603 1246 innatae
643 1204 906 1260 benignitati
957 1203 1092 1245 refero
1143 1203 1383 1259 gratiarum
1427 1205 1627 1256 actiones,
1667 1219 1744 1260 pro
1792 1220 1841 1248 οο

439 1272 571 1313 etiam
603 1273 717 1327 quod
748 1272 804 1313 ad
839 1272 1082 1314 redivivam
1114 1271 1332 1313 memoriae
1370 1275 1526 1314 vestrae
1570 1273 1840 1315 commenda—

438 1339 600 1380 tionem
631 1343 754 1395 grato
786 1355 963 1382 munere
996 1340 1290 1381 modicitatem
1326 1355 1466 1382 meam
1499 1341 1687 1383 excitare
1718 1342 1840 1384 Volu-

438 1406 558 1457 istis3
606 1408 721 1462 quod
778 1408 886 1448 mihi
929 1422 1006 1463 per
1050 1406 1119 1449 N.¹
1167 1408 1462 1450 transmittere
1519 1410 1709 1459 curastis,
1764 1410 1839 1465 qui

435 1475 716 1529 multiplicem
738 1475 1041 1516 beneficiorum
1062 1480 1304 1517 vestrorum
1326 1477 1512 1532 gratiam
1534 1478 1641 1518 mihi
1670 1478 1838 1534 plenius

434 1542 668 1592 intimavit,
711 1547 959 1598 promptum
1004 1544 1180 1599 gerendi
1228 1544 1486 1586 desiderium
1538 1549 1589 1586 ut
1639 1561 1732 1601 per·
1766 1561 1835 1587 me

427 1609 593 1664 jugiter
644 1611 859 1652 serviatur
919 1615 1073 1653 vestrae
1137 1611 1377 1653 dilectionis
1438 1613 1718 1668 beneplacito,
1781 1614 1835 1655 ad

429 1678 584 1720 animae
616 1679 797 1721 salutem
831 1683 874 1721 et
905 1679 1109 1721 honorem
1141 1694 1346 1736 personae.

1097 1884 1142 1926 C.

406 1989 688 2034 'Prcedilecto
732 1989 821 2032 sihi
864 1990 915 2032 in
966 1989 1142 2033 Christo
1185 1990 1385 2033 Domz’m
1427 1990 1481 2033 P.
1532 1991 1584 2032 (Ze
1633 1991 1828 2048 Kyllu‘m

543 2059 703 2101 Frater
748 2058 858 2100 Adeo
900 2059 1093 2102 salutem
1136 2063 1173 2101 et
1220 2058 1452 2102 sincerum
1495 2058 1656 2102 devote&
1693 2060 1827 2103 dilec-

542 2126 685 2169 tionis
714 2126 949 2182 affectum?

206 2239 258 2272 On
271 2240 321 2272 his
333 2251 407 2282 pro-
483 2232 585 2273 Non
610 2231 820 2288 praemisit
841 2231 1087 2287 Apostolus,
1123 2231 1292 2273 “Nemo
1314 2231 1448 2274 sumit
1473 2232 1557 2274 sibi
1577 2231 1825 2285 honoren1,''

203 2286 328 2316 motion
351 2290 385 2317 to

203 2329 258 2360 the
272 2329 406 2361 Church

421 2300 506 2341 nisi
547 2300 838 2355 subjungeret,
885 2306 906 2322 ‘⁶
928 2300 1002 2341 sed
1045 2300 1121 2354 qui
1161 2303 1342 2341 vocatur
1392 2314 1418 2340 a
1468 2299 1561 2341 Deo
1612 2304 1821 2356 tanquam

204 2372 404 2416 ofSt.Mary
423 2372 446 2390 ‘⁴
468 2368 650 2409 Aaron.’'
713 2368 879 2423 Nempe
911 2383 986 2423 per
1016 2368 1126 2408 illud
1157 2368 1326 2423 repellit
1357 2367 1673 2423 impudentiam
1705 2384 1821 2411 arro-

202 2416 257 2447 the
270 2417 389 2459 Virgin

203 2460 344 2495 Oxford.

393 2443 402 2460 ’
418 2436 627 2490 gantium,
661 2450 736 2490 per
778 2436 896 2476 istud
939 2435 1242 2477 verecundiam
1285 2435 1401 2491 cogit
1451 2435 1681 2477 humilium
1698 2453 1708 2489 3
1742 2452 1818 2492 per

418 2503 529 2544 illud
560 2503 652 2558 agit
693 2519 747 2545 ne
791 2504 949 2545 tumidi
994 2504 1235 2559 pervadant
1267 2504 1350 2545 Dei
1403 2503 1705 2554 sanctuarium,
1739 2520 1816 2560 per

419 2571 537 2612 istud
559 2572 718 2626 satagit
740 2586 792 2612 110
814 2571 1008 2612 timorati
1041 2572 1283 2614 detrectent
1314 2571 1466 2613 salutis
1497 2572 1785 2613 ministerium
1804 2589 1813 2624 ;

419 2653 494 2693 per
530 2639 637 2679 illud
669 2639 857 2680 deterret
887 2639 1162 2695 impudentes
1193 2654 1246 2681 ne
1279 2654 1508 2695 supernam
1540 2640 1813 2695 praeveniant

418 2706 679 2756 electionem,
715 2721 789 2762 per
840 2707 957 2749 istud
1004 2708 1169 2750 animat
1220 2708 1391 2750 sedulos
1436 2711 1487 2749 ut
1536 2722 1809 2764 nequaquam

456 2919 463 2937 ¹
491 2916 550 2949 See
567 2926 596 2957 p.
618 2921 669 2949 94.
1112 2918 1117 2960 Ι
1181 2918 1192 2935 ²
1217 2916 1277 2949 See
1293 2915 1395 2958 Epist.
1412 2916 1574 2950 LXXXI.
1613 2922 1617 2925 '
