1905 3180
252 387 341 419 ΑΒ.

223 435 381 464 1225-50.
422 452 445 467 ιι

285 480 303 498 c>

196 521 251 552 Fr.
269 499 389 552 A-lbcr-

195 569 247 597 tus
263 564 302 596 of
312 565 399 598 Pisa.

190 2047 393 2116 Fr.H'a›1.ymo.

188 2135 277 2168 A.D.
299 2140 335 2168 12
342 2141 391 2170 38.

425 255 479 294 58
837 258 1019 293 THoMAs
1050 260 1111 292 DE
1143 261 1403 294 EchESToN.

422 378 657 434 palpitare3
705 380 751 420 et
797 378 999 434 respexit,
1053 377 1226 420 dicens:
1274 384 1296 400 “
1314 377 1559 430 Quomodo!
1608 377 1713 419 Non
1753 378 1820 418 est

476 446 616 487 adhuc
642 449 785 488 totum
812 445 1226 488 consummatum?”
1263 446 1322 489 Et
1348 447 1663 503 responderunt
1686 459 1818 494 senes,

420 514 535 569 quod
581 514 785 565 nondum,
834 514 1080 556 deridentes
1128 528 1180 556 sc.
1218 528 1328 556 eum.
1391 514 1450 556 Et
1497 513 1613 556 dixit
1663 516 1818 556 taurus

419 582 535 638 quod
566 597 655 625 non
686 583 835 640 potuit
868 583 1081 639 progredi.
1144 582 1366 625 Dixerunt
1397 585 1546 625 autem
1577 582 1671 638 ipsi,
1703 580 1819 637 quod

418 650 514 693 ideo
551 651 819 694 moderatius
859 650 994 701 ibant,
1041 650 1145 706 quia
1191 651 1387 707 oportuit
1434 649 1636 693 omnibus
1678 649 1818 692 modis

419 734 489 761 eos
521 719 702 776 operari,
736 723 780 762 et
812 734 900 761 non
932 719 988 761 ad
1019 723 1202 775 tempus.

478 787 679 830 Fratrem
712 788 966 830 Eustacium
1009 788 1061 829 de
1100 788 1217 829 Merc
1259 787 1469 844 compulit
1502 786 1638 844 pisces
1681 800 1819 829 come-

417 856 527 906 dere,
561 860 713 899 contra
744 855 1114 905 consuetudinem,
1145 856 1300 906 dicens,
1335 856 1451 911 quod
1484 855 1646 898 multas
1680 855 1819 897 bonas

416 939 618 980 personas
646 924 793 966 amisit
827 924 944 966 Ordo
976 939 1052 980 per
1081 924 1434 966 indiscretionem
1468 938 1627 966 eorum.
1689 923 1821 964 Dixit

416 996 563 1034 autem
585 992 700 1048 quod
723 1007 819 1034 cum
846 995 958 1034 esset
987 1007 1083 1034 cum
1114 992 1273 1034 Sancto
1297 992 1526 1034 Francisco
1554 993 1602 1033 in
1629 991 1818 1047 quodam

416 1060 621 1117 hospitali
658 1075 940 1111 commorans,
999 1061 1209 1117 compulit
1251 1075 1349 1102 eum
1392 1063 1567 1102 sanctus
1599 1059 1819 1115 duplicare

415 1129 574 1171 cotidie
606 1129 721 1185 quod
753 1129 973 1171 comedere
1004 1132 1301 1171 consueverat.
1365 1128 1531 1170 Extitit
1562 1128 1695 1169 etiam
1726 1130 1818 1168 tam

415 1197 607 1239 liberalis
639 1201 689 1239 ut
725 1198 987 1254 garelianum
1019 1197 1238 1253 quendam
1280 1197 1475 1253 graviter
1511 1196 1658 1252 arguit
1689 1198 1734 1237 et
1764 1195 1819 1236 si-

415 1266 578 1307 militer
604 1265 954 1316 Praedicatorem,
986 1266 1089 1321 quia
1120 1280 1207 1308 non
1245 1265 1541 1322 providebant
1580 1262 1817 1306 conventui

415 1332 712 1375 abundantius
773 1338 872 1390 post
923 1334 1115 1376 laborem
1179 1333 1227 1375 in
1290 1333 1568 1375 solemnitate
1620 1332 1817 1387 quadam.

415 1400 523 1443 Tam
557 1417 727 1458 magnae
752 1403 931 1458 pietatis
963 1405 1008 1444 et
1036 1402 1345 1458 compassionis
1377 1404 1481 1451 erat,
1525 1403 1577 1442 ut
1618 1399 1819 1441 obedien-

414 1470 522 1511 tiam
553 1470 713 1512 faceret
744 1470 915 1512 cuidam
947 1469 1073 1512 fratri
1105 1469 1238 1512 debili
1270 1472 1321 1510 ut
1352 1472 1499 1525 partes
1531 1483 1629 1510 suas
1650 1468 1819 1509 natales

414 1537 567 1589 adiret,
599 1540 644 1580 et
674 1553 750 1594 per
783 1536 1014 1580 diversam¹
1055 1538 1298 1580 custodiam
1334 1551 1361 1578 a
1396 1536 1491 1578 loco
1528 1536 1574 1577 in
1610 1536 1752 1577 locum
1782 1535 1818 1576 si

413 1605 546 1647 vellet
574 1606 786 1656 circuiret,
817 1611 862 1648 et
898 1607 989 1662 ipse
1034 1606 1070 1648 si
1117 1606 1273 1647 fratres
1315 1607 1608 1662 gravarentur
1649 1602 1819 1645 exhibi-

414 1673 532 1716 tione
573 1689 651 1716 sua
684 1678 883 1732 sumptus
926 1689 1003 1730 pro
1050 1675 1142 1731 ipso
1190 1673 1450 1716 refunderet.
1525 1673 1672 1729 Igitur
1702 1674 1819 1728 post-

414 1756 544 1796 quam
575 1757 652 1798 per
694 1743 801 1784 duos
838 1757 975 1784 annos
1019 1746 1063 1784 et
1107 1742 1340 1783 dimidium
1377 1740 1586 1797 Angliam
1627 1740 1818 1782 nobilius

412 1814 598 1863 rexerat,
649 1811 868 1867 profectus
925 1814 991 1852 est
1052 1824 1149 1852 cum
1210 1810 1410 1866 pluribus
1467 1808 1616 1851 electis
1664 1811 1817 1850 contra

413 1878 613 1920 Fratrem
656 1879 844 1929 Heliam,
887 1881 932 1920 et
980 1882 1077 1934 post
1123 1878 1324 1934 generale
1369 1876 1663 1919 ministerium
1700 1876 1817 1918 inter

414 1945 621 2002 Anglicos
659 1946 810 1989 Romae
846 1946 1032 1989 feliciter
1066 1946 1188 1988 obiit.

474 2013 557 2057 Cui
594 2014 795 2056 successit
834 2014 991 2056 Frater
1019 2014 1209 2069 Haymo,
1256 2013 1332 2070 qui
1370 2012 1536 2066 fratres,
1578 2010 1691 2054 sicut
1723 2014 1816 2054 erat

414 2081 750 2138 benignissimus
783 2085 828 2124 et
858 2081 1145 2135 dulcissimus,
1176 2082 1222 2123 in
1264 2082 1382 2123 omni
1424 2096 1528 2138 pace
1560 2084 1603 2122 et
1636 2080 1816 2122 caritate

413 2152 560 2191 tenere
602 2150 783 2192 curavit.
867 2150 965 2205 Ipse
1014 2150 1161 2192 induit
1207 2149 1434 2191 dominum
1477 2149 1814 2191 Herfordensem

414 2217 676 2274 episcopum,
709 2216 947 2259 Radulfum
982 2218 1036 2260 de
1070 2219 1399 2274 Maydenstone‚
1442 2218 1677 2260 secundum
1713 2216 1817 2258 visi-

414 2300 540 2327 onem
575 2300 705 2340 quam
741 2286 793 2327 de
829 2285 924 2341 ipso
956 2286 1181 2338 habuerat,
1212 2301 1310 2328 cum
1344 2289 1456 2328 esset
1486 2285 1815 2327 archidiaconus

414 2352 604 2406 Cestriae,
644 2352 760 2409 quod
796 2353 959 2396 scilicet
990 2354 1114 2396 venit
1147 2354 1324 2409 quidam
1362 2368 1480 2410 puer,
1514 2368 1612 2395 cum
1648 2353 1816 2395 sederet

412 2423 456 2463 et
497 2421 746 2477 disponeret
782 2421 943 2464 clerum
976 2421 1024 2463 in
1058 2422 1238 2477 synodo,
1275 2424 1319 2463 et
1354 2420 1537 2477 projecit
1572 2421 1611 2463 ei
1653 2435 1812 2476 aquam

410 2488 457 2530 in
488 2488 652 2541 faciem,
686 2492 731 2531 et
761 2490 911 2531 statim
944 2504 1176 2532 conversus
1214 2492 1278 2531 est
1318 2489 1365 2530 111
1407 2503 1589 2545 puerum
1634 2489 1814 2530 misera-

408 2557 552 2598 bilem,
639 2557 698 2598 Et
744 2557 867 2599 venit
924 2558 979 2599 ad
1029 2557 1189 2599 lectum
1241 2557 1287 2598 in
1334 2571 1419 2612 quo
1466 2556 1608 2612 jacuit
1656 2555 1813 2598 Frater

411 2625 603 2680 Haymo,
637 2628 681 2667 et
710 2625 884 2682 rogavit
914 2628 966 2667 ut
993 2625 1136 2682 ipsum
1174 2624 1236 2666 ibi
1267 2625 1411 2680 jacere
1448 2625 1722 2674 concederet3
1768 2626 1813 2665 et

410 2692 470 2734 sic
504 2693 615 2734 fecit.
695 2693 754 2735 Et
785 2694 1021 2736 secundum
1058 2694 1149 2736 haec
1189 2691 1344 2735 11116111ρ
1376 2692 1543 2735 felicem
1574 2691 1733 2734 habuit
1764 2691 1811 2732 in

452 2872 460 2897 ¹
478 2863 562 2916 d‘olm,
579 2875 663 2910 Cott.
1099 2873 1108 2919 Ι
1168 2876 1180 2896 ²
1195 2876 1262 2916 Qui
1272 2881 1347 2919 post
1363 2873 1419 2908 Ιιοσ
1425 2874 1557 2919 felicem
1567 2875 1677 2917 finem,
1693 2874 1793 2908 Ebou-
