1905 3180
602 269 836 302 EmsTOLAE.
1336 261 1420 301 383

25 400 150 442 quem
193 384 425 429 interficiet
468 384 683 425 Dominus
724 384 854 426 Jesus
905 384 1105 426 Christus
1147 386 1305 441 spiritu
1336 386 1421 427 oris

24 454 99 503 sui,
122 467 209 494 non
243 455 317 502 est,
350 466 426 493 nec
458 466 547 493 esse
576 454 728 506 potest,
758 452 944 492 alterum
967 467 1102 507 genus
1134 454 1297 508 peccati
1331 457 1421 495 tam

24 522 250 564 adversum
283 522 327 561 et
356 519 622 561 contrarium
654 519 947 574 apostolorum
980 520 1186 562 doctrinae
1219 524 1263 561 ct
1295 536 1422 562 evan-

24 589 179 646 gennae,
212 592 256 630 et
291 587 373 643 ipsi
400 587 588 628 Domino
620 587 649 628 J
655 601 729 628 esu
763 586 936 628 Christo
968 590 1061 628 tam
1083 588 1252 639 odibile,
1286 589 1422 630 ‹letes-

23 656 168 708 tabile,
210 658 254 697 et
282 654 584 706 abominabile,
615 657 659 695 et
690 654 881 695 humano
910 655 1057 709 generi
1089 657 1181 695 tam
1222 670 1422 710 perneca-

23 724 119 773 bile,
154 738 283 778 quam
315 722 482 764 animas
518 736 632 764 curae
669 721 895 777 pastoralis
932 721 1069 763 officio
1109 725 1153 763 et
1183 722 1423 763 ministerio

24 791 308 834 vivificandas
344 793 387 831 et
418 789 659 838 salvandas,
692 789 919 845 pastoralis
951 789 1078 831 officii
1110 792 1153 831 et
1193 789 1423 831 ministerii

25 858 366 907 defraudatione,
390 857 650 899 mortificare
692 861 735 898 et
775 857 965 912 perdere.
1031 857 1158 909 Quod
1199 861 1421 913 peccatum

26 926 356 970 evidentissimis
395 925 631 981 Scripturae
673 925 814 967 Sacrae
847 926 1108 967 testimoniis
1150 927 1420 968 committere

30 996 325 1046 dinoscuntur,
359 995 434 1050 qui
488 995 534 1036 in
576 998 791 1051 potestate
835 1009 947 1036 curre
994 995 1221 1050 pastoralis
1267 996 1423 1037 consti-

29 1064 128 1114 tuti,
163 1063 215 1104 de
246 1063 356 1104 lacte
388 1066 432 1104 et
473 1063 575 1103 lana
607 1062 755 1104 ovium
789 1062 951 1103 Christi
973 1063 1061 1103 suis
1102 1063 1348 1105 carnalibus
1378 1066 1422 1105 et

26 1130 337 1187 temporalibus
369 1131 590 1172 desideriis
621 1135 665 1172 et
695 1131 1025 1172 necessitatibus
1066 1132 1344 1186 prospiciunt,
1378 1136 1422 1173 et

26 1199 254 1257 pastoralis
301 1199 429 1240 officii
471 1199 712 1240 ministeria
763 1199 808 1239 in
852 1202 1059 1241 {eternam
1104 1200 1266 1242 Christi
1311 1201 1422 1241 salu-

25 1271 113 1311 tem
156 1268 420 1323 operandam
467 1267 616 1308 debita
660 1281 746 1308 non
791 1268 1106 1309 administrant.
1171 1269 1273 1323 Ipsa
1305 1269 1420 1310 enim

25 1336 361 1379 ministeriorum
390 1335 674 1391 pastoralium
700 1350 787 1375 non
814 1335 1133 1377 administratio
1166 1340 1243 1387 est,
1277 1336 1420 1391 Scrip-

25 1411 136 1449 turae
177 1406 438 1454 testimonio,
472 1405 666 1446 omnium
713 1405 864 1446 occisio
909 1409 952 1447 et
996 1406 1245 1461 deperditiO.
1311 1405 1422 1448 Oum

26 1478 170 1517 autem
217 1474 309 1515 haec
355 1474 441 1514 duo
492 1487 650 1528 genera
700 1476 984 1529 peccatorum,
1032 1474 1132 1515 ]icet
1179 1474 1419 1529 dispariter,

27 1543 114 1584 sint
163 1542 348 1598 pessima
388 1544 432 1582 et
485 1555 610 1582 omne
651 1541 836 1582 alterum
877 1556 1012 1597 genus
1053 1542 1218 1597 peccati
1260 1542 1423 1583 inaesti-

25 1609 241 1652 mabiliter
291 1608 684 1664 superexcedentia,
741 1609 1020 1650 manifestum
1068 1624 1123 1650 ex
1175 1610 1256 1651 hoc
1308 1609 1423 1665 quod

27 1677 118 1734 ipsa
149 1680 250 1719 sunt
282 1676 447 1718 duobus
478 1677 767 1718 existentibus
799 1681 842 1718 et
874 1677 1011 1728 dictis,
1050 1678 1150 1719 licet
1192 1678 1423 1733 dispariter

34 1749 76 1788 et
127 1745 406 1796 dissimiliter,
460 1744 633 1800 optimis
685 1745 844 1786 directe
895 1746 1119 1786 contraria.
1183 1746 1421 1786 Pessimum

29 1814 141 1855 enim
174 1813 338 1869 optimo
370 1815 436 1853 est
468 1812 745 1854 contrarium.
825 1812 1050 1863 Quantum
1082 1814 1228 1854 autem
1274 1816 1338 1854 est
1379 1813 1425 1853 in

31 1881 157 1923 dictis
207 1879 484 1936 peccantibus
527 1894 665 1920 unum
707 1882 932 1935 peccatum
967 1882 1031 1921 est
1064 1881 1199 1935 ipsius
1232 1880 1423 1921 Deitatis

33 1948 457 2005 superessentialiter
508 1951 552 1989 et
598 1948 992 2003 supernaturaliter
1030 1947 1216 2003 optiniae.
1293 1948 1415 1989 Alte-

30 2031 126 2058 rum
156 2030 259 2058 vero
282 2015 605 2057 Deiformitatis
640 2018 684 2056 et
707 2015 1012 2056 Deificationis
1046 2030 1101 2057 ex
1135 2015 1276 2057 divini
1309 2016 1423 2057 radii

29 2084 224 2140 gratifica
256 2083 593 2140 participatione
616 2083 909 2125 essentialiter
932 2083 1106 2139 optimae
1128 2083 1420 2139 interemptio.

32 2152 89 2193 Et
119 2152 221 2208 quia
254 2152 365 2193 sicut
395 2151 442 2192 in
479 2151 605 2193 bonis
646 2166 775 2192 causa
805 2151 910 2192 boni
947 2151 1100 2193 melior
1134 2154 1198 2193 est
1231 2155 1420 2203 caus-ate,

31 2219 88 2261 sic
109 2223 153 2261 et
174 2221 220 2261 in
240 2220 366 2261 malis
388 2234 516 2260 causa
536 2219 639 2260 mali
656 2219 775 2274 pejor
796 2222 861 2260 est
883 2223 1067 2261 causato.
1122 2219 1423 2261 Manifestissi-

32 2301 148 2329 mum
165 2287 370 2343 quoniam
387 2287 543 2328 talium
564 2287 845 2342 pessimorum
863 2287 1235 2343 interemptorum,
1254 2288 1423 2329 Deifor-

0 2392 1 2396 ,
31 2355 199 2396 mitatis
229 2360 273 2397 et
305 2354 607 2396 Deificationis
641 2355 688 2395 in
723 2354 877 2396 ovibus
912 2355 1087 2407 Christi,
1122 2355 1168 2396 in
1201 2356 1421 2397 ecclesiam

33 2421 208 2464 Domini
250 2423 583 2475 introductores,
617 2423 751 2478 ipsius
794 2423 992 2478 pessimis
1033 2423 1422 2479 interemptoribus

35 2487 133 2532 sunt
175 2490 350 2547 pejores,
395 2493 438 2532 et
482 2491 679 2532 Lucifero
724 2494 768 2532 et
809 2491 1082 2532 Antichristo
1125 2492 1420 2546 proximiores,

35 2561 77 2599 et
112 2557 158 2599 in
202 2558 283 2600 hac
319 2558 550 2614 pejoritate
584 2558 804 2614 gradatim
845 2559 983 2614 magis
1020 2560 1420 2614 superexcellentes,

0 2640 1 2650 ¹
36 2625 109 2679 qui
145 2640 198 2667 ex
230 2626 384 2680 majori
421 2628 465 2667 et
500 2626 708 2667 diviniori
739 2628 955 2681 potestate
996 2626 1080 2667 sibi
1122 2627 1335 2667 divinitus
1374 2627 1421 2667 in

0 2709 2 2732 1
36 2692 362 2735 aedificationem
393 2696 437 2735 et
479 2708 568 2734 non
608 2693 656 2734 in
697 2694 1035 2735 destructionem
1067 2694 1241 2743 tradita,
1284 2694 1421 2748 magis

1 2786 3 2797 ⁴
34 2761 237 2802 tenentur
257 2761 312 2802 ab
334 2761 507 2802 ecclesia
530 2761 709 2802 Domini
738 2761 846 2802 tales
868 2762 1196 2816 interemptores
1218 2762 1421 2816 pessimos

2 2860 3 2863 ,
36 2827 257 2870 excludere
293 2832 336 2871 et
378 2829 603 2885 extirpare.
