1905 3180
583 265 707 297 EPIST
716 265 825 297 oLAE.
1320 255 1403 295 235

12 384 94 426 erit
116 382 185 425 vel
212 381 560 438 przesumptionis
582 382 651 423 vel
673 381 925 423 diffidentiae
945 384 955 421 ξ
1017 380 1185 432 Quibus
1218 382 1409 437 profecto

11 449 262 508 ruentibusl
297 451 461 492 nemini
495 454 688 506 superest
722 449 965 491 securitatis
1000 449 1162 489 electio.
1242 449 1411 500 Quibus

13 521 118 562 item
151 518 429 575 surgentibus
471 519 685 560 neminem
729 518 886 573 premit
927 517 1297 572 pusillanimitatis
1340 516 1412 557 de-

13 587 209 644 speratio.
274 586 460 628 Proinde
487 586 593 641 quid
629 586 749 627 aliud
786 588 933 633 restat,
963 584 1170 639 magister
1202 584 1261 625 mi
1303 584 1413 625 desi-

13 655 289 703 deratissime,
324 669 453 709 quam
486 658 536 696 ut
568 658 612 696 et
641 653 830 695 violatus
863 652 945 694 Dei
977 652 1114 694 honor
1144 652 1413 703 reformetur,

14 727 57 765 et
87 723 231 778 lapsus
264 726 422 764 nostr-ce
467 722 738 764 conscientiae
792 722 1017 770 relevetur,
1063 724 1107 761 et
1162 720 1414 761 scandalum

14 791 199 833 ecclesiae
248 793 503 846 reparetur?
566 789 683 831 Illud
736 803 907 844 quoque
956 788 1154 844 deinceps
1194 789 1240 828 in
1292 788 1416 828 nobis

16 858 234 907 efficiatur,
286 857 401 913 quod
453 857 515 899 ait
563 857 783 914 propheta,
838 871 1117 912 personarum
1166 856 1417 897 ecclesiasti-

17 940 161 968 carum
188 925 465 981 primicerius,
494 925 646 966 beatus
676 925 830 966 Petrus
847 925 1106 980 Apostolus:
1143 931 1165 945 “
1184 923 1414 973 Carissimi,

17 1000 41 1015 “
74 995 248 1035 obsecro
280 1008 358 1034 vos
399 996 622 1048 tamquam
664 992 853 1034 advenas
895 996 938 1034 et
980 992 1224 1048 peregrinos
1284 992 1418 1033 absti-

19 1067 41 1083 “
73 1076 175 1103 nere
203 1075 279 1103 vos
316 1075 342 1101 a
372 1060 618 1102 carnalibus
648 1060 881 1110 desideriis,
915 1075 1011 1115 quie
1044 1060 1237 1102 militant
1268 1060 1419 1102 adver-

19 1135 40 1150 “
73 1144 144 1171 sus
188 1129 391 1179 animam,
446 1127 817 1172 conversationem
864 1132 1053 1169 vestram
1106 1128 1222 1170 inter
1267 1132 1419 1184 gentes

20 1203 41 1219 “
73 1197 282 1239 habentes
313 1196 485 1245 bonam,
523 1199 573 1238 ut
606 1197 651 1236 in
681 1210 730 1237 eo
766 1195 881 1251 quod
916 1195 1161 1237 detrectant
1195 1195 1247 1237 de
1282 1196 1417 1245 vobis,

21 1272 42 1286 “
75 1269 299 1320 tamquam
337 1264 390 1306 de
440 1264 798 1311 malefactoribus,
844 1278 897 1304 ex
939 1264 1063 1305 bonis
1105 1264 1306 1319 operibus
1344 1279 1420 1305 vos

22 1333 401 1374 “considerantes
454 1331 698 1387 glorificent
754 1331 991 1372 Dominum
1050 1332 1096 1371 in
1145 1332 1214 1372 die
1271 1332 1421 1373 visita-

23 1407 45 1423 “
76 1400 246 1442 tionis.’'
308 1400 394 1442 Hic
428 1399 668 1456 perpetrati
717 1402 863 1440 reatus
904 1398 1190 1454 ignominiam
1236 1399 1421 1455 perpitia

23 1468 254 1510 divinitate
286 1467 602 1524 superexcellat
643 1466 836 1508 restituti
879 1470 1020 1508 status
1063 1467 1210 1523 gloria,
1255 1482 1423 1509 necnon

23 1537 310 1578 ministerium
352 1535 665 1592 pascendarum
697 1535 857 1585 ovium,
892 1538 936 1576 et
977 1535 1118 1576 virtus
1160 1535 1333 1587 invicta,
1380 1540 1424 1577 et

24 1604 241 1646 industria
271 1604 589 1659 circumspecta,
626 1606 670 1644 et
704 1603 924 1645 aemulatio
956 1606 1115 1653 sancta,
1147 1604 1342 1659 perficiat
1374 1608 1426 1646 ut

24 1673 70 1713 in
107 1672 175 1714 die
205 1671 438 1713 reddendae
479 1671 672 1722 rationis,
716 1685 813 1711 cum
855 1671 907 1711 iis
964 1670 1038 1725 qui
1079 1671 1188 1713 bene
1219 1676 1424 1727 praesunt,

26 1743 202 1795 propter
243 1739 441 1794 exempla
481 1738 690 1780 salutaria
745 1742 788 1779 et
830 1741 1005 1793 propter
1041 1739 1232 1794 perfecta
1271 1739 1427 1795 guber-

27 1807 189 1856 nacula,
228 1806 388 1862 duplici
419 1806 582 1847 honore
617 1805 740 1861 digni
773 1805 1030 1846 habeamini.

89 1874 421 1915 Protractiorem
463 1873 689 1928 epistolam
727 1872 921 1914 excludit
968 1874 1174 1929 temporis
1215 1876 1426 1930 angustia.

32 1941 118 1984 Sed
162 1942 246 1982 scio
291 1941 393 1996 quia
431 1940 588 1982 sufficit
620 1941 882 1981 occasionem
929 1942 1180 1996 praestitisse
1231 1944 1426 1998 sapienti.

32 2010 246 2065 Ignoscat,
281 2009 464 2057 obsecro,
492 2007 835 2049 mansuetudinis
872 2012 1028 2051 vestrae
1061 2010 1255 2051 suavitas
1288 2011 1324 2051 si
1359 2011 1428 2052 de-

30 2077 243 2118 votissimi
285 2076 419 2117 vestri
462 2075 774 2131 qualiscunque
816 2076 972 2117 caritas
1020 2077 1114 2118 visa
1149 2078 1280 2119 fuerit
1324 2078 1429 2133 styli

33 2143 216 2186 durioris
265 2143 504 2185 exercuisse
546 2142 877 2184 vehementiam.
932 2143 979 2184 Si
1011 2143 1115 2199 quid
1146 2146 1307 2200 poterit
1353 2150 1430 2187 aut

34 2212 231 2267 pauperis
262 2210 420 2267 abjecti
452 2210 636 2261 devotio,
679 2214 757 2252 aut
798 2211 976 2252 affectus
1025 2212 1192 2268 indigni
1234 2214 1430 2269 pectoris,

35 2279 167 2328 vobis,
214 2279 403 2320 Domino
454 2278 676 2334 largiente,
726 2278 894 2333 jugiter
942 2280 1100 2321 serviet
1151 2280 1206 2321 ad
1247 2282 1431 2323 salutem

36 2347 196 2402 pariter
231 2350 276 2388 et
318 2347 537 2398 honorem,
577 2346 623 2386 in
666 2345 839 2388 Christo
881 2361 1046 2403 semper
1087 2351 1130 2390 et
1186 2348 1433 2391 beatissima

38 2413 229 2470 Virgine.

97 2482 163 2523 De
195 2482 329 2524 fratre
371 2481 577 2537 Gregorio
619 2481 772 2532 Bosell,
810 2481 905 2523 viro
937 2483 1118 2538 provido
1156 2487 1201 2525 et
1233 2484 1432 2541 benign0‚

39 2548 284 2590 mirandum
326 2553 391 2591 est
433 2548 469 2589 si
511 2549 571 2590 sic
613 2549 763 2605 egerit,
806 2549 920 2591 sicut
960 2553 1119 2593 vestrae
1161 2551 1432 2593 insinuatum

41 2620 105 2658 est
127 2615 355 2658 dilectioni.
419 2616 546 2667 Quod
577 2619 723 2657 autem
755 2616 864 2657 mihi
886 2617 1087 2672 signastis
1109 2633 1211 2674 erga
1240 2620 1432 2668 eundem,

43 2683 153 2724 sicut
184 2683 396 2726 divinitus
429 2683 615 2734 dabitur,
649 2683 825 2740 implere
858 2685 1026 2727 curabo.

532 2870 561 2901 ὀ
578 2869 690 2912 quibus
705 2856 788 2914 pJ'to
812 2871 972 2912 mentibus,
989 2871 1063 2905 MS⁴
