1905 3180
683 275 918 306 EPIsTOLAE.
1414 265 1498 312 147

103 398 368 450 transmitto,
392 403 442 440 ut
471 414 526 441 ex
560 400 996 456 interpretationibus
1028 402 1167 443 sancti
1197 402 1279 443 viri
1304 403 1377 458 qui
1411 417 1499 444 non

102 467 319 508 immerito
377 469 568 509 ereditur
620 469 832 510 divinitus
896 470 1099 524 spiritum
1152 470 1399 512 intellectus¹
1451 472 1497 511 in

103 535 325 589 mysteriis
368 537 629 591 pr‹1›pheticis
684 542 914 585 assecutus,
969 537 1037 592 pie
1080 538 1282 592 conjiciat
1327 539 1499 593 pontifi-

103 602 205 643 calis
247 603 428 652 animus
473 605 661 659 prudens
708 605 865 659 eloquii
910 605 1095 659 mystici,
1130 609 1281 646 utrum
1331 607 1499 648 instent

100 670 388 712 immutabilis
416 673 702 727 providentiae
736 673 826 714 dies
857 672 1123 714 formidandi
1141 690 1149 724 ;
1182 674 1255 728 qui
1289 688 1376 715 non
1408 679 1498 716 tam

101 753 177 794 per
207 739 448 794 prophetas,
473 754 625 782 verum
657 741 789 782 etiam
824 756 900 796 per
927 745 1145 783 auctorem
1178 742 1498 797 prophetarum,

102 810 195 847 tam
240 808 497 849 terribiliter
540 813 643 850 sunt
689 810 964 864 pronuntiati
1011 813 1163 851 contra
1209 810 1416 864 prtelatos
1449 814 1493 852 et

102 874 274 926 clerum,
309 875 521 932 principes
555 881 598 918 et
647 877 866 933 populum,
911 881 1088 933 propter
1135 882 1228 919 tam
1270 880 1500 920 execratis-

101 943 254 984 simam
286 947 377 985 tam
417 945 681 1000 flagitiorum
719 960 848 1001 quam
886 946 1126 987 facinorum
1162 946 1495 996 immanitatem,

101 1011 168 1052 his
200 1011 351 1053 diebus
382 1013 732 1062 sceleratissimis,
766 1014 873 1069 proh
906 1013 1054 1055 nefas!
1098 1015 1411 1067 inundantem3
1454 1018 1499 1056 et

99 1079 193 1120 fieri
228 1079 540 1136 incipientibus
584 1081 863 1123 districtioris
905 1082 1068 1124 divina?
1104 1082 1283 1137 judiciis
1342 1083 1499 1138 quibus

100 1146 215 1188 bona
257 1148 426 1203 probat,
472 1149 587 1189 mala
630 1150 846 1204 reprobat,
885 1150 1090 1191 universa
1137 1150 1321 1199 ordinat,
1364 1151 1500 1205 juxta

101 1214 349 1257 divinitatis
385 1216 626 1272 imperium,
666 1218 899 1272 respiciant
943 1221 987 1258 et
1030 1218 1179 1259 levent
1225 1218 1368 1273 capita
1410 1233 1497 1267 sua,

102 1284 306 1338 quoniam
344 1285 665 1339 appropinquat
698 1285 940 1340 redemptio
982 1300 1068 1326 sua.
1133 1285 1179 1326 Si
1212 1286 1353 1340 placet
1384 1286 1500 1341 lega-

102 1354 172 1391 tur
204 1351 374 1392 libellus
408 1352 454 1392 in
486 1352 692 1401 cubiculo>
725 1353 1013 1408 prsesentibus
1045 1353 1296 1397 secretariis,
1331 1356 1375 1394 et
1404 1367 1499 1394 cum

101 1419 243 1474 ipsum
285 1419 516 1460 transcribi
550 1419 737 1461 feceritis
769 1435 867 1461 eum
905 1420 1013 1460 mihi
1036 1420 1284 1461 remittatis.

160 1486 315 1527 Valeat
371 1491 529 1529 vestra?
582 1488 872 1529 beatitudinis
918 1489 1194 1531 incolumitas
1236 1489 1282 1530 in
1326 1488 1499 1531 Christo

101 1568 268 1610 semper
299 1558 342 1596 et
375 1555 628 1598 beatissima
660 1556 850 1611 Virgine.

726 1723 886 1767 XLIV.

397 1827 597 1870 Domino
629 1827 886 1870 Lincolnice
917 1828 1078 1870 Frater
1109 1827 1229 1870 Asia,

162 1932 400 1974 Laudabile
452 1932 537 1973 viri
604 1932 804 1988 magistri
857 1932 887 1974 J
891 1932 1076 1974 ohannis
1143 1933 1195 1974 de
1257 1932 1495 1983 Schersted,
1514 1929 1705 2005 {ssgffllfflgf

100 2000 280 2041 rectoris
312 2000 499 2042 ecclesiae
537 2000 590 2041 de
608 1999 864 2049 Uklintun‚¹
897 2004 940 2042 et
974 2000 1179 2042 credibile
1216 2014 1303 2042 non
1336 2001 1497 2042 medio-
1513 1998 1724 2051 Lescheiade.

101 2068 231 2109 criter
261 2067 445 2108 aliorum
477 2068 792 2117 testimoniium
832 2068 1117 2113 willielmum
1150 2069 1202 2109 de
1241 2068 1497 2110 Leschelade

102 2135 342 2183 diaconum,
366 2139 458 2176 tam
490 2136 537 2176 in
568 2135 760 2177 moribus
793 2151 925 2190 quam
956 2136 1004 2176 in
1036 2136 1197 2185 littera,
1221 2150 1350 2191 quam
1380 2139 1424 2177 et
1452 2137 1494 2178 in

101 2203 384 2244 ecclesiastico
421 2203 674 2252 ministerio,
708 2203 954 2245 modicitati
989 2217 1095 2245 meae
1128 2203 1355 2245 reddidere
1389 2219 1501 2245 com-

101 2271 402 2312 mendabilem.
468 2270 658 2312 Proinde
679 2272 942 2326 paternitati
963 2275 1120 2314 vestrae
1142 2272 1369 2313 humiliter
1401 2286 1501 2327 sup-

100 2338 223 2394 plico,
278 2341 494 2394 quatenus
538 2338 703 2380 dictum
751 2339 983 2381 diaconum
1026 2339 1082 2380 ad
1119 2343 1319 2381 sanctum
1361 2354 1500 2382 sacer-

101 2406 211 2447 dotii
256 2407 452 2462 gradum,
507 2410 724 2461 quatenus
768 2410 844 2448 aut
901 2407 1067 2449 sanctio
1120 2408 1378 2464 evangeliea,
1423 2411 1500 2448 aut

100 2474 307 2516 canonica
363 2474 543 2516 traditio
592 2489 681 2516 11011
734 2475 919 2525 obsistit,
972 2475 1026 2516 ob
1089 2475 1499 2531 contemplationem

102 2541 355 2593 Salvatoris,
379 2557 455 2598 per
483 2543 692 2598 pietatem
718 2542 1023 2598 dispensatam,
1046 2557 1299 2599 promovere
1328 2543 1500 2594 velitis3

101 2612 227 2650 tanto
263 2610 531 2665 propensiori
572 2610 717 2665 gratia
758 2611 875 2665 piam
918 2611 1201 2666 suscipientes
1243 2611 1501 2666 petitionem

102 2680 267 2732 quanto
304 2677 446 2718 dictus
479 2678 688 2732 magister
719 2692 846 2732 super
876 2692 1050 2733 gregem
1081 2678 1344 2719 dominicum
1372 2678 1500 2733 juges

102 2743 345 2786 custodiens
377 2744 562 2800 vigilias,
607 2744 663 2786 ad
699 2744 967 2799 adjutorium
1009 2745 1189 2786 salvifici
1232 2745 1390 2786 laboris
1422 2745 1500 2786 hoc

345 2881 354 2899 ¹
378 2879 437 2911 An
453 2889 544 2911 error
560 2879 610 2910 for
627 2879 811 2911 Puklintun
829 2880 843 2911 ’.Ρ
891 2879 952 2911 See
968 2878 1070 2920 Epist.
1088 2879 1256 2910 XXXIV.

1233 2942 1265 2971 K
1298 2933 1323 2972 2
