1905 3180
151 600 222 632 The
239 598 319 629 Earl

151 644 189 675 of
192 643 357 674 Leieester

151 698 304 729 proposes
323 693 355 718 to

151 737 278 763 entrust
294 732 345 762 his

150 786 208 808 son
226 782 259 806 to

157 823 319 852 (ἀι-(151616.

382 257 465 296 110
853 261 960 292 ADAE
993 262 1054 292 DE
1085 260 1285 292 MAmsco

1004 410 1144 452 XXV.

644 507 846 550 Domino
883 507 1142 550 Linteolmoe
1180 508 1340 550 Frater
1381 506 1501 548 Arda.

438 594 633 636 Remitto
686 594 977 636 dominationi
1023 597 1182 636 vestrae
1229 593 1608 635 abbreviationem
1661 591 1783 632 illam

378 678 509 719 quam
541 662 772 718 scripsistis
804 663 856 704 de
888 662 1139 718 principatu
1170 661 1295 717 regni
1324 664 1368 702 et
1393 660 1644 716 tyrannidis
1673 659 1785 700 sicut

377 731 556 772 misistis
588 731 807 786 signatam
839 731 963 785 signo
1006 730 1178 771 comitis
1221 729 1494 784 Leycestriae.
1568 727 1785 769 Dominus

379 813 519 840 comes
565 798 826 853 Leycestriae
878 799 913 839 si
958 798 1186 853 contingat
1238 812 1337 838 eum
1384 795 1601 837 maturius
1643 794 1784 836 redire

378 867 424 908 in
487 866 758 917 vasconiam,
823 866 1139 907 deliberatione
1192 880 1289 907 cum
1341 864 1519 907 domina
1565 862 1786 905 comitissa

379 938 423 975 et
454 948 622 975 mecum
667 949 796 989 super
848 934 927 975 hoc
964 934 1129 983 habita,
1185 933 1392 989 proponit
1444 931 1786 988 primogenitum

379 1017 506 1043 suum
560 1001 803 1042 Henricum
845 1002 901 1043 ad
941 1004 1133 1043 vestram
1185 1001 1408 1042 remittere
1459 999 1784 1055 paternitatem,

379 1074 431 1111 ut
476 1069 581 1110 dum
626 1072 734 1111 aetas
779 1072 845 1110 est
893 1069 932 1110 ei
978 1069 1172 1110 tenerior
1214 1069 1294 1110 sub
1331 1071 1490 1110 vestrae
1538 1066 1787 1108 sanctitatis

379 1138 634 1193 patrocinio,
667 1138 779 1179 sicut
811 1137 1021 1178 hactenus
1054 1137 1246 1179 Domino
1279 1137 1424 1187 dante,
1471 1136 1672 1192 proficiat
1712 1148 1788 1190 per

380 1210 553 1261 tempus
605 1206 896 1261 aliquantum,
951 1205 1094 1261 quoad
1147 1205 1242 1247 fieri
1282 1204 1457 1261 poterit,
1501 1204 1548 1245 in
1590 1203 1790 1245 doctrina

379 1274 629 1315 iitterarum
682 1277 726 1314 et
778 1288 950 1315 morum
1003 1273 1243 1329 disciplina.
1343 1273 1390 1314 Si
1442 1276 1591 1313 autem
1644 1271 1786 1312 dictus

380 1355 521 1382 comes
553 1344 746 1382 moretur
787 1341 835 1381 in
866 1342 1041 1396 Anglia,
1084 1341 1218 1396 juxta
1258 1340 1436 1396 pietatis
1477 1343 1636 1381 vestrae
1678 1338 1791 1380 salu-

380 1412 475 1450 tare
528 1409 766 1457 consilium,
820 1409 949 1450 aliter
993 1409 1046 1450 de
1098 1423 1232 1463 puero
1282 1411 1522 1449 memorato
1563 1407 1790 1462 disponere

380 1475 594 1532 proponit.
666 1476 797 1517 Dixit
849 1476 957 1516 1111111
1004 1490 1145 1517 coines
1198 1476 1457 1531 Leycestriae
1508 1489 1597 1516 non
1647 1474 1790 1516 ferens

382 1544 505 1598 quasi
547 1547 744 1584 vestrum
786 1544 990 1585 examen¹
1036 1543 1261 1594 declinare,
1296 1543 1412 1598 quod
1444 1543 1541 1598 plus
1574 1542 1791 1584 desiderat

382 1614 433 1653 ut
478 1611 645 1666 praevia
696 1611 887 1653 veritate
940 1615 983 1653 et
1035 1612 1248 1653 inoffensa
1293 1611 1481 1666 justitia,
1527 1625 1605 1666 per
1655 1609 1791 1651 vestri

383 1679 515 1720 solius
568 1679 889 1720 ordinationem
941 1679 1239 1721 controversia
1285 1679 1542 1734 contingens
1592 1678 1791 1720 homines

384 1761 480 1788 suos
514 1747 565 1787 (16
599 1747 850 1801 Leycestria
882 1747 994 1788 sicut
1026 1751 1183 1789 vestrae
1224 1747 1369 1788 visum
1405 1747 1538 1788 fuerit
1569 1746 1791 1788 disertitu-

385 1814 478 1855 dini
513 1815 801 1869 conquiescat,
852 1829 984 1869 quam
1030 1818 1081 1856 ut
1133 1815 1180 1856 in
1230 1815 1311 1856 hac
1352 1818 1475 1870 parte
1524 1814 1793 1856 ordinationi

383 1882 556 1923 illorum
611 1882 759 1933 trium,
810 1882 885 1938 qui
937 1882 1154 1924 nominati
1207 1886 1322 1933 sunt,
1376 1882 1580 1924 videficet
1626 1882 1794 1923 domini

383 1950 677 1991 archidiaconi
711 1949 927 2000 ΟΧΟ111ῑ6,2
960 1950 1126 1991 (101111111
1148 1951 1189 1992 J.
1223 1951 1275 1992 (16
1319 1950 1547 2002 Crakhale⁷
1594 1950 1794 2006 magistri

385 2017 566 2059 Roberti
598 2018 650 2058 de
687 2017 916 2072 Vv'ynkele,
950 2019 1175 2074 negotium
1222 2019 1526 2060 committatur
1555 2019 1796 2060 terminan-

385 2085 499 2126 dum.
593 2085 696 2126 Non
748 2085 858 2126 bene
904 2086 1009 2127 novi
1052 2090 1203 2127 utrum
1248 2086 1345 2141 plus
1396 2086 1613 2142 expediat.
1712 2087 1797 2128 Ve-

385 2156 635 2193 rumtamen
665 2153 902 2208 perspectis
934 2153 1134 2208 pluribus
1172 2154 1522 2206 circumstantiis,
1569 2157 1620 2196 ut
1651 2155 1792 2205 video,

387 2220 577 2262 securius
640 2220 723 2261 erit
785 2221 900 2275 quod
973 2220 1138 2262 factum
1211 2225 1500 2264 memoratum
1580 2222 1795 2264 dictorum

388 2287 649 2342 sapientum,
683 2288 795 2328 sicut
826 2288 1049 2342 provisum
1082 2293 1157 2338 est,
1202 2290 1506 2331 committatur
1545 2290 1797 2332 discretioni

388 2355 696 2396 definiendum.
766 2355 868 2396 Fiat
900 2370 1028 2410 super
1065 2356 1143 2398 hoc
1181 2359 1233 2398 ut
1278 2357 1405 2398 vobis
1448 2357 1579 2399 fuerit
1623 2358 1795 2400 coelitus
1849 2389 1853 2393 -

389 2422 661 2478 inspiratum.

450 2489 590 2545 Super
641 2504 689 2531 eo
742 2491 859 2545 quod
909 2490 1127 2546 contingit
1178 2491 1343 2533 factum
1384 2492 1532 2533 fratris
1585 2492 1633 2533 R.
1688 2493 1796 2535 dicti

390 2557 591 2599 monachi
621 2558 932 2613 acceptandum
965 2561 1030 2599 est
1074 2559 1248 2600 omnino
1287 2559 1607 2601 disertitudinis
1637 2565 1795 2604 vestrze

441 2753 448 2772 ¹
467 2753 581 2783 virium
605 2763 669 2783 vsm
690 2763 830 2791 examen,
854 2752 927 2785 MS.
952 2753 1066 2784 virium
1128 2753 1202 2786 hale
1219 2764 1285 2785 was
1302 2753 1522 2786 Archdeacon
1538 2755 1577 2787 of
1594 2756 1741 2788 Bedford
1760 2756 1792 2789 in

395 2806 583 2846 expunged.
628 2804 679 2836 Cf.
704 2815 734 2846 p.
750 2809 822 2837 104.
1133 2809 1227 2845 1253,
1242 2807 1306 2838 and
1323 2807 1398 2839 died
1415 2808 1449 2838 in
1470 2811 1563 2840 1260.

441 2860 454 2878 ²
470 2859 531 2891 See
547 2858 651 2900 Epist.
669 2858 800 2890 lxxviii.
848 2858 882 2891 J.
901 2859 942 2890 de
959 2858 1065 2892 Crak·
