1905 3180
158 1179 296 1220 Regrets

156 1223 226 1254 that
242 1224 296 1254 the

158 1267 235 1297 Earl
252 1267 289 1298 of

159 1310 325 1342 Cornwall

158 1355 216 1386 has
227 1355 361 1387 advised

157 1399 252 1440 delay
269 1399 302 1430 in
319 1409 338 1430 a

156 1442 303 1475 business
327 1444 364 1474 of

156 1492 248 1527 great
264 1487 325 1518 im-

155 1536 319 1570 portance.

375 246 461 285 282
868 252 974 284 ADAE
1008 252 1068 282 DE
1098 252 1294 285 namsco

382 372 528 412 tentiae
565 370 784 418 fructibus,
830 374 874 410 et
918 383 1199 423 nequaquam,
1246 373 1295 410 ut
1337 372 1401 409 est
1442 368 1579 417 hodie,
1624 368 1784 409 addens

378 438 786 495 praevaricationem,
819 437 1051 478 correxerit
1079 436 1260 485 ecclesia,
1294 436 1492 492 implebit
1523 435 1783 477 Divinorum

371 507 631 562 judiciorum
673 506 766 546 dira
807 505 1029 556 districtio,
1074 505 1188 560 quod
1230 504 1436 559 scriptum
1478 507 1568 546 est:
1630 503 1783 544 “Ante

381 581 402 596 ‘⁸'
433 575 601 615 ruinam
655 573 873 615 exaltatur
936 588 1017 625 cor,
1081 576 1124 614 et
1175 575 1370 615 extrema
1432 571 1580 628 gaudii
1643 571 1784 614 luctus

381 649 402 664 “
435 640 649 698 occupat.'’

998 832 1223 875 CXLVII.

380 935 566 978 Illas-tri
598 935 696 978 1·ὼό
725 940 762 977 et
796 934 981 977 domino
1007 949 1090 976 suo
1117 935 1249 977 Petro
1278 934 1331 977 (10
1360 933 1602 977 &obaudiet
1624 934 1784 976 Γναῖον

497 1003 618 1055 Adeo,
650 1008 750 1059 post
777 1003 999 1045 laboriosa
1023 1001 1287 1045 certaminis
1313 1001 1594 1045 discrimina
1614 1001 1782 1045 trium-

491 1071 603 1127 ]›laal
611 1072 657 1114 ἱα
681 1071 924 1128 felicitatis
953 1086 988 1127 p
996 1086 1101 1114 mem
1108 1070 1163 1114 ῖα.

440 1183 724 1239 Nequaquam
766 1182 1011 1224 mirandum
1054 1185 1118 1224 est
1164 1182 1199 1223 si
1233 1181 1455 1224 anxiorem
1490 1181 1632 1223 saucio
1669 1181 1785 1224 cordi

379 1252 618 1293 molestiam
652 1252 798 1293 littera
840 1254 995 1292 vestrae
1045 1251 1354 1292 dominationis
1399 1250 1634 1306 ingesserit,
1681 1250 1784 1291 insi-

380 1334 519 1360 nuans
561 1320 674 1374 quod
715 1319 903 1374 inclytus
945 1333 1085 1360 comes
1118 1318 1351 1360 Cornubiae
1384 1322 1555 1359 tantam
1599 1318 1783 1359 maximi

378 1387 539 1443 negotii
612 1387 851 1442 cogentiam
928 1386 1243 1442 prorogandam
1316 1387 1482 1427 censuit
1555 1400 1631 1441 per
1691 1389 1782 1427 tam

377 1469 582 1510 inagnum
619 1454 841 1510 periculosi
875 1454 1080 1509 temporis
1113 1454 1402 1495 intervallum.
1466 1453 1784 1510 Augmentavit

377 1522 535 1563 etenim
558 1537 687 1577 quam
719 1522 951 1577 plurimum
985 1522 1241 1577 angustiam,
1266 1521 1381 1576 quod
1412 1521 1467 1562 ad
1495 1524 1782 1562 memoratum

376 1590 596 1646 negotium
639 1590 866 1631 salubriter
918 1589 1233 1645 expediendum
1276 1603 1441 1630 summe
1482 1588 1781 1640 necessarium,

377 1657 615 1699 nobilitatis
671 1661 826 1699 vestrae
888 1657 1173 1712 praesentiam,
1236 1660 1572 1712 quantacunque
1638 1670 1783 1698 rerum

377 1725 629 1780 magnitudo
666 1725 877 1775 subducit,
928 1725 1038 1766 sicut
1080 1739 1185 1774 reor,
1219 1739 1316 1765 cum
1360 1738 1449 1765 non
1480 1724 1684 1765 mediocri
1717 1738 1782 1765 sa-

375 1793 479 1833 lutis
510 1796 670 1848 optatae
703 1792 971 1833 detrimento.
1027 1791 1113 1833 Sed
1135 1791 1272 1846 quid?
1304 1791 1468 1833 Contra
1490 1791 1782 1833 formidabiles

375 1860 675 1916 ambiguorum
727 1863 963 1901 eventuum
996 1859 1160 1901 exitus
1218 1859 1298 1900 1100
1341 1859 1568 1900 infallibile
1614 1873 1782 1915 semper

373 1928 552 1969 recurrit
602 1928 850 1977 remedium,
899 1927 1014 1982 quod
1065 1926 1299 1968 secundum
1347 1927 1554 1968 salutaria
1585 1928 1782 1983 exempla

374 1996 563 2037 virorum
596 1996 924 2051 triumphalium
978 1995 1050 2036 Illi
1094 1994 1321 2051 diligentia
1366 1994 1580 2036 indefessa
1620 1995 1781 2051 suppli-

373 2066 500 2112 cetur,
538 2063 589 2105 de
622 2078 706 2118 quo
733 2064 939 2119 scriptum
973 2066 1066 2105 est:
1128 2069 1150 2085 “
1171 2063 1238 2104 Tu
1270 2066 1428 2114 autem,
1469 2062 1656 2104 Domine
1688 2062 1778 2104 vir-

375 2136 396 2151 “
426 2131 544 2180 tutis,
584 2145 681 2172 cum
723 2131 1039 2186 tranquillitate
1080 2131 1259 2186 judicas,
1297 2135 1340 2172 et
1382 2143 1479 2172 cum
1512 2145 1673 2187 inagna
1713 2145 1777 2172 re-

374 2203 396 2219 “
428 2198 622 2239 verentia
667 2199 856 2254 disponis
876 2218 879 2221 ⁴
903 2214 999 2254 quae
1031 2199 1141 2241 circa
1181 2198 1296 2240 nos.”
1360 2198 1471 2240 Cum
1512 2198 1672 2240 etenim
1713 2198 1779 2254 ig-

372 2280 572 2307 noramus
620 2266 723 2321 quid
770 2281 894 2322 agere
940 2267 1184 2319 debeamus,
1219 2281 1391 2308 omnem
1438 2265 1775 2308 sollicitudinem

373 2337 562 2374 nostram
601 2334 647 2374 in
679 2334 829 2389 Ipsum
859 2334 1146 2390 projiciamus,
1174 2335 1248 2390 qui
1277 2338 1396 2376 amat
1427 2335 1603 2376 animas.
1667 2333 1777 2376 Haee

373 2405 437 2441 est
469 2405 581 2442 certe
618 2402 840 2457 sapientire
867 2402 1053 2443 coelestis
1087 2403 1361 2458 dispensatio,
1385 2406 1436 2443 ut
1463 2415 1776 2457 nonnunquam

373 2468 617 2522 praesidium
650 2469 818 2510 auferat
849 2470 1089 2511 humanum
1121 2470 1378 2526 desperabili
1409 2483 1633 2511 causa-rum
1666 2467 1776 2509 diffi-

372 2535 534 2585 cultati,
588 2536 743 2591 quibus
795 2538 1020 2593 magnifice
1079 2536 1269 2593 disponit
1321 2537 1521 2578 divinum
1573 2539 1777 2592 praestare

372 2603 656 2657 patrocinium
679 2605 842 2646 cunctis
871 2606 1045 2654 saeculis,
1066 2608 1274 2662 perpetua
1295 2605 1509 2646 clamante
1530 2603 1771 2659 vigilantia,

373 2673 397 2690 “
430 2669 540 2711 Cum
575 2671 814 2726 11›lacue1·int
848 2673 1035 2714 Domino
1078 2674 1162 2715 viae
1204 2673 1402 2722 hominis,
1441 2671 1636 2713 inimicos
1670 2685 1775 2726 quo-

373 2740 396 2758 “
428 2751 509 2791 que
527 2737 617 2791 ejus
635 2743 856 2781 convertet
873 2740 927 2781 ad
945 2739 1130 2796 pace1n.³'
1167 2740 1394 2790 Caeterum,
1412 2739 1567 2794 quales,
1588 2739 1771 2789 obsecro,

370 2804 690 2859 benignissimae
722 2808 944 2849 serenitati
997 2808 1235 2864 gratiarum
1279 2807 1468 2849 actiones
1509 2806 1773 2848 modicitatis

371 2885 476 2914 meze
507 2874 666 2927 poterit
696 2873 852 2916 referre
881 2875 1067 2926 devotio,
1091 2890 1166 2931 per
1197 2890 1326 2931 quam
1358 2879 1449 2916 tam
1479 2874 1603 2916 exilis
1632 2872 1776 2915 meriti
