1905 3180
604 274 838 305 EPISTOLAE.
1106 292 1113 299 .
1340 265 1422 305 329

82 386 265 426 Proinde
297 386 332 426 si
365 386 601 427 secundum
634 388 906 428 consi‹1lerata
937 387 1269 442 congruentium
1314 391 1422 428 tem-

22 468 173 510 porum
208 453 453 506 intervalla,
489 454 710 509 provisiva
742 454 1075 509 dispensationis
1098 458 1256 496 vestra»
1289 455 1421 495 diser-

23 522 179 572 titudo,
216 524 429 576 qua-ntum
464 523 520 563 ad
553 537 693 563 meam
735 522 909 571 attinet,
949 525 1027 563 aut
1059 523 1239 563 alterius
1282 523 1421 577 cujus-

23 604 188 644 cunque
218 589 406 630 fratrum
443 604 682 645 personam,
716 605 828 645 saepe
860 589 966 631 dicti
989 590 1155 631 domini
1190 590 1425 632 Cantuari-

28 657 142 700 ensis
163 656 550 708 obsecrationibus,
585 661 675 699 tam
708 661 859 699 sancta
890 657 1094 699 salvificae
1116 658 1294 713 pietatis
1326 673 1425 699 con-

24 725 308 781 templatione
340 726 548 775 subnixis,
582 723 949 768 condescentium¹
975 725 1156 766 salutari
1190 726 1426 767 sedulitate

23 794 236 836 censuerIt
269 794 322 835 ob
356 793 599 837 Salvatoris
634 794 863 843 intuitum,
904 793 1034 835 fateri
1067 794 1309 849 compellor,
1334 794 1426 849 ipso

23 865 257 918 praestante
305 862 389 904 viae
431 862 620 918 gratiam
677 866 723 903 et
773 861 956 917 gloriam
1008 861 1173 916 patriae,
1240 865 1328 902 tam
1382 862 1428 901 in

29 930 140 972 clero
178 945 308 985 quam
342 930 389 971 in
421 931 592 986 populo,
627 930 890 972 cumulatius
932 929 1211 985 ampliabitis‚
1246 933 1297 971 ut
1333 945 1430 971 reor

21 997 334 1047 indubitanter,
389 999 582 1040 maxime
640 1013 864 1054 quousque
915 998 1051 1039 fratre
1113 998 1322 1053 Gregorio
1375 998 1428 1039 de

26 1066 167 1108 Bosell
212 1081 394 1115 reverso,
441 1082 516 1122 per
559 1066 777 1108 Altissimi
822 1066 1149 1122 dispositionem
1195 1066 1248 1108 de
1282 1069 1430 1108 vestra

24 1135 402 1190 circumspectione
434 1150 561 1190 super
592 1135 658 1176 his
694 1138 737 1176 et
774 1135 870 1175 aliis
912 1134 1149 1175 salubriter
1190 1135 1426 1183 ordinetur,

26 1207 70 1245 et
116 1203 235 1254 mihi,
270 1203 306 1244 si
338 1203 458 1244 Deus
501 1204 702 1254 voluerit,
748 1206 951 1258 parcatur
995 1203 1048 1244 ab
1094 1203 1426 1258 occupationum

25 1271 312 1313 varietatibus
357 1271 413 1312 ad
437 1263 561 1312 'illas
606 1272 651 1312 in
694 1272 881 1313 veritate
924 1271 1103 1312 minime
1132 1271 1430 1326 1‘e1mtabiles.²

27 1339 214 1382 Utinam
242 1339 351 1380 mihi
382 1340 554 1381 coelitus
597 1339 786 1380 donetur
817 1338 921 1379 vivo
956 1338 1239 1393 paternitatis
1272 1343 1431 1381 vestrae

28 1408 74 1449 in
104 1408 293 1449 Domino
325 1408 539 1448 maturius
572 1408 657 1448 frui
680 1406 920 1462 colloquio!

85 1476 379 1518 Conservetur
410 1476 566 1531 pietati
588 1479 746 1517 vestrae
769 1475 939 1517 sincera
960 1474 1144 1530 sospitas
1169 1475 1215 1516 in
1240 1475 1430 1527 Christo,

30 1548 104 1586 etc.

583 1741 882 1804 CLXXXIII.

31 1884 188 1930 Fratri
230 1888 301 1938 W„
341 1888 560 1931 Ministro
598 1889 794 1944 Anyle'w,
839 1890 999 1931 Frater
1032 1890 1141 1932 Adeo
1177 1890 1430 1945 supplicem

345 1957 489 1999 (lca-oti
511 1957 778 2013 fimmdcctus
810 1957 1124 2000 obedientiam.

92 2083 258 2126 Sinon
309 2088 402 2126 tam
454 2098 593 2126 causae
645 2083 848 2126 salutaris
901 2084 1134 2141 exigentia,
1180 2100 1310 2141 quam
1364 2086 1429 2128 in—

33 2155 197 2196 stantia
237 2155 440 2198 fraternas
484 2155 660 2211 pietatis
703 2155 782 2197 hoc
824 2156 940 2212 apud
982 2171 1123 2198 meam
1167 2157 1430 2199 obtinuisset

35 2223 283 2274 exilitatem,
307 2224 363 2265 ad
399 2237 647 2279 persuasam
685 2223 920 2279 spiramine
955 2224 1105 2266 divino
1143 2225 1427 2277 clementiam,

35 2294 256 2333 cunctarer
286 2292 519 2333 admodum
552 2291 770 2334 destinare
801 2292 1065 2348 petitoriam,
1102 2297 1150 2334 ut
1185 2293 1430 2335 adolescens

36 2357 301 2410 Willielmus,
335 2360 522 2415 portitor
567 2360 860 2416 praesentium,
904 2374 1031 2415 quem
1061 2365 1105 2402 et
1138 2361 1304 2403 indoles
1335 2376 1432 2417 pro—

34 2424 185 2476 batior,
208 2431 252 2469 e't
279 2427 530 2469 litteratura
558 2428 882 2484 competentior,
906 2432 950 2470 et
971 2433 1178 2471 venustas
1200 2430 1353 2477 aetatis,
1387 2434 1431 2471 et

36 2493 204 2536 claritas
234 2495 468 2551 sanguinis,
502 2510 558 2537 ex
588 2496 732 2552 gratia
763 2497 937 2552 superni
959 2497 1152 2538 muneris
1173 2497 1429 2553 insigniunt,

31 2560 158 2615 juxta
207 2567 456 2619 conceptam
523 2564 707 2606 coelestis
773 2564 975 2606 desiderii
1036 2565 1310 2620 flagrantiam
1375 2565 1431 2606 ad

37 2628 206 2671 beatam
268 2631 490 2688 religionis
545 2636 704 2674 nostrae
771 2632 988 2682 militiam7
1041 2647 1117 2688 per
1161 2633 1432 2688 provisivum

37 2698 309 2753 magistratus
341 2701 477 2741 vestri
507 2700 768 2756 praesidium,
814 2701 979 2742 felicius
1022 2701 1270 2756 applicetur.
1349 2701 1432 2742 Ve-

85 2896 92 2915 ¹
118 2896 181 2931 Sia
732 2901 735 2943 Ι
790 2901 801 2919 ²
824 2900 1006 2943 reputabili,
1031 2902 1104 2934 MS.

1449 2100 1516 2132 For
1531 2101 1587 2134 the

1448 2146 1652 2185 bearer,wl1o

1449 2189 1567 2222 wishes
1584 2196 1617 2222 to

1449 2234 1488 2265 be
1497 2234 1654 2267 admitted

1450 2288 1484 2309 as
1501 2289 1519 2309 a
1535 2278 1645 2310 Mino·-

1450 2322 1520 2354 rite.
