1905 3180
654 226 892 258 EPISTOLAE.
1380 220 1465 260 313

77 341 210 381 telum
243 341 420 396 vigenti,
453 342 662 391 clementi,
687 344 952 384 educendum
986 344 1067 398 pize
1096 345 1300 399 Ituuulitur
1331 349 1470 400 pater-

74 408 212 449 nitati.
274 409 458 451 Proinde
481 425 575 451 cum
598 425 685 451 non
706 415 911 466 appareat
934 412 1118 465 qualiter
1139 412 1222 453 iter
1252 413 1470 467 aperiatur

74 475 263 516 evasioni
295 477 377 516 nisi
409 492 484 531 per
526 478 755 533 benignam
792 479 951 519 favoris
993 478 1229 533 Apostolici
1270 481 1467 533 gratiam,

74 542 275 593 obtestor,
319 545 500 594 obsecro,
546 547 755 600 deprecor,
799 547 915 587 omni
965 561 1137 601 precum
1179 563 1331 600 genere
1373 563 1470 588 con-

73 614 202 665 gesto,
257 616 470 666 quatenus
521 614 720 662 animam,
767 629 843 669 pro
886 629 970 669 qua
1016 615 1130 669 apud
1187 615 1469 657 formidanda:

74 678 316 733 Majestatis
348 695 527 722 examen
560 681 639 722 sub
681 685 815 723 tantae
860 682 1140 722 districtionis
1187 683 1469 723 inexcusabili

71 747 296 801 sponsione
333 749 605 790 sanctitatem
628 753 816 790 vestram
840 750 1062 798 defixistis,
1096 751 1164 791 cui
1199 751 1361 792 dictum
1391 756 1467 801 est,

72 821 94 836 “
127 816 279 857 Virum
302 817 415 860 hunc
436 819 613 870 custodi,
638 820 712 874 qui
734 820 769 860 si
791 819 934 875 lapsus
956 820 1096 869 fuerit,
1122 821 1204 861 erit
1227 821 1371 862 anima
1392 825 1469 862 tua

73 887 94 905 “
128 899 203 939 pro
235 886 381 926 anima
411 886 564 936 illius‚⁷'
615 887 753 927 modis
786 888 940 942 quibus
993 903 1224 943 congruere
1257 890 1468 930 censuerit

70 952 323 993 suavissima
373 954 531 995 sedulae
590 955 867 1010 paternitatis
920 956 1253 1011 circumspectio,
1309 957 1467 1011 absque

70 1021 343 1061 amaricantis
384 1036 516 1062 morae
569 1022 720 1062 odibili
772 1023 1004 1078 dispendio,
1059 1039 1133 1078 per
1183 1024 1467 1065 amantissimi

68 1088 213 1143 patris,
237 1088 381 1129 fratris
403 1089 432 1129 J
437 1089 627 1138 ohannis,
655 1089 818 1130 domini
851 1105 972 1145 papae
994 1090 1165 1140 nuntii,l
1191 1091 1466 1146 adjutorium,

68 1169 94 1195 a
132 1159 255 1197 tanto
301 1156 637 1211 praecipitiorum
682 1158 1003 1199 imminentium
1041 1159 1215 1201 horrore
1259 1160 1467 1201 studeatis

68 1224 239 1279 eripere,
282 1225 549 1266 restituendo
590 1229 682 1266 tam
724 1226 1047 1267 desiderabilem
1099 1228 1320 1268 stabilium
1372 1242 1468 1284 pro-

65 1292 255 1334 fectuum
287 1293 490 1334 ordinem.

128 1360 357 1409 Caeterum,
392 1361 662 1416 aptissimum
694 1362 872 1403 fratrem
904 1362 1042 1402 filium
1065 1366 1268 1413 vestrum,
1305 1364 1466 1406 Beber-

67 1432 161 1469 tum
210 1429 263 1470 de
315 1428 594 1478 Thol·nlia1n‚²
645 1429 792 1470 divino
845 1429 1053 1471 desiderio
1105 1431 1371 1486 flagrantem,
1423 1437 1467 1474 et

67 1496 265 1538 humanae
313 1497 462 1538 salutis
513 1498 700 1546 avidum,
745 1512 841 1538 cum
893 1498 1166 1553 expeditione
1217 1503 1463 1549 castrorum,

64 1578 140 1620 pro
175 1565 310 1606 coelici
342 1565 482 1606 cultus
518 1565 825 1619 sublimatione
869 1581 957 1607 non
990 1566 1080 1607 sine
1114 1567 1281 1609 fervore
1312 1569 1465 1609 trium-

66 1632 205 1687 phalis
246 1633 445 1687 martyrii
497 1648 539 1675 se
590 1633 850 1675 fiducialiter
895 1634 1221 1689 accingentium,
1272 1637 1326 1677 ad
1372 1652 1465 1692 pas-

67 1700 232 1756 sagium
276 1701 443 1742 instans
487 1702 732 1743 Divinitate
791 1702 977 1757 propitia
1026 1703 1327 1757 profectiuum,
1361 1706 1464 1745 novi

66 1768 365 1811 indubitanter
408 1770 613 1824 quoniam
655 1773 809 1810 vesti-{e
842 1769 1110 1811 strenuitatis
1152 1772 1223 1826 pia
1259 1772 1464 1814 sedulitas

66 1840 189 1878 tanto
222 1838 492 1893 perpensiore
525 1838 673 1878 favore
702 1841 992 1892 prosequetur,
1025 1843 1186 1892 quanto
1219 1839 1463 1881 (111661101113

68 1905 316 1946 ferventiori
352 1904 614 1960 redemptori
655 1905 886 1960 rependere
928 1906 1088 1961 satagit
1124 1907 1241 1961 quod
1271 1907 1462 1964 redemp-

66 1976 136 2015 tus
174 1973 346 2028 accepit.

126 2040 199 2081 Ad
239 2040 341 2092 haec,
375 2054 472 2082 cum
514 2038 754 2082 honorabili
787 2043 919 2095 patre,
958 2040 1089 2082 fratre
1127 2039 1265 2092 Petro,
1312 2042 1462 2085 Minis-

64 2111 133 2150 tro
168 2108 368 2160 Coloniae,
418 2123 547 2164 quam
578 2108 824 2159 necessaria,
861 2123 987 2163 quam
1030 2109 1289 2163 rationabili,
1332 2127 1456 2167 quam

65 2177 295 2218 affectuosa
330 2177 464 2227 valeo,
497 2176 738 2217 humillime
781 2177 971 2232 supplico
1009 2177 1319 2233 deprecatione,
1358 2195 1461 2235 qua-

65 2249 190 2287 tenus
234 2249 410 2301 propter
455 2244 538 2286 Dei
584 2245 777 2301 gloriam,
822 2248 998 2300 propter
1034 2246 1218 2287 ecclesize
1264 2248 1458 2299 salutem,

64 2317 238 2369 propter
288 2314 473 2355 fratrum
511 2314 746 2361 caritatem,
800 2312 997 2354 benevoli
1051 2314 1210 2356 favoris
1263 2317 1460 2359 auditum

63 2380 163 2423 laeto
210 2396 306 2423 cum
364 2381 520 2423 affectu
568 2381 717 2431 eidem,
771 2380 1010 2422 manifestae
1056 2382 1228 2437 pietatis
1289 2399 1459 2427 causam

109 2549 116 2569 ¹
142 2550 243 2581 From
267 2549 323 2582 the
349 2554 449 2582 ternis
474 2549 552 2582 here
584 2549 664 2581 used
689 2549 754 2591 by,
790 2558 927 2590 passage
955 2549 1041 2581 srom
1070 2549 1152 2582 Mat.
1176 2550 1272 2582 Paris
1304 2552 1350 2593 (p.
1378 2554 1438 2584 722

63 2601 115 2633 De
131 2602 284 2640 Marisco,
302 2603 319 2633 Ι
335 2602 420 2634 infer
436 2603 507 2634 that
531 2601 597 2634 this
620 2603 648 2634 is
672 2612 734 2634 one
788 2601 822 2631 in
846 2602 901 2632 the
918 2601 1110 2642 Appendix.

65 2653 103 2685 of
121 2653 176 2685 the
202 2654 385 2693 Minorites‚
410 2655 494 2692 who,
511 2655 545 2685 in
571 2664 734 2696 company

63 2706 144 2737 with
160 2707 297 2738 another
310 2708 429 2739 named
445 2707 651 2746 Alexander,
667 2717 735 2739 was

66 2763 137 2790 sent
161 2759 231 2791 into
256 2760 420 2801 England,
439 2760 473 2790 in
492 2762 586 2799 1247,
602 2766 636 2792 to
660 2761 736 2801 levy

65 2809 253 2843 collections
280 2811 332 2843 sor
359 2812 414 2843 the
443 2812 542 2853 Pope.
591 2812 652 2844 See
678 2812 732 2844 the
824 2809 836 2828 ³
853 2808 918 2842 Sic.

824 2679 836 2698 ²
854 2679 972 2711 Custos
994 2684 1027 2711 at
1048 2679 1258 2721 Cambridge.
1307 2680 1367 2713 See
1393 2680 1458 2713 Ec-

787 2731 925 2769 cleston,
943 2742 973 2772 p.
994 2735 1033 2764 62
1051 2733 1116 2763 and
1129 2735 1203 2764 321.
