1905 3180
474 273 557 313 418
960 277 1065 309 ADAE
1097 277 1158 308 DE
1188 274 1385 309 MARIScc

472 397 544 437 1116
576 395 650 451 qui
682 394 888 436 clamavit
919 408 1016 435 eum
1049 394 1198 436 docuit
1228 393 1285 434 ad
1317 406 1444 448 quem
1476 392 1692 435 clamavit.
1757 392 1872 445 Quia

473 464 605 505 etiam
638 462 1011 504 manifestationes
1044 461 1185 503 divini
1216 461 1407 511 luminis,
1458 462 1573 516 quod
1616 461 1757 517 primo
1801 475 1870 502 su-

472 532 616 589 pernis
649 531 847 572 essentiis
891 531 1148 586 ingignitur‚
1181 544 1258 585 per
1300 530 1416 584 ipsas
1459 529 1516 570 ad
1562 544 1640 571 nos
1685 529 1870 571 transfe-

471 604 636 651 rantur,
660 613 714 641 ex
745 600 965 641 sententia
996 599 1116 640 beati
1148 598 1351 653 Apostoli
1384 598 1440 639 ad
1467 597 1647 640 Galatas
1677 597 1869 639 insinua-

470 672 555 719 tur,
588 669 634 709 in
666 682 715 709 60
747 667 863 723 quod
895 667 1101 709 scribitur
1135 666 1249 708 “lex
1271 666 1475 708 ordinata
1502 680 1579 721 per
1601 665 1791 721 Angelos
1822 666 1869 707 in

473 741 495 760 “
526 751 660 778 manu
696 735 987 785 mediatoris?
1028 735 1110 776 hoc
1156 735 1333 791 insuper
1376 749 1453 790 per
1498 734 1609 776 illud
1652 734 1869 791 praecipue

470 805 762 856 confirmatur,
786 804 901 859 quod
923 803 1183 845 beatissimae
1206 803 1289 844 Dei
1314 802 1525 844 Genitrici
1548 816 1676 858 super
1696 817 1867 844 omnem

470 877 713 915 creaturam
757 872 928 914 coelitus
979 872 1237 923 sublimatae,
1272 871 1516 913 Dominicae
1549 871 1868 913 Incarnationis

469 942 742 997 mysterium,
767 940 882 996 quod
914 941 1005 996 ipse
1037 955 1063 981 a
1095 939 1284 981 Domino
1308 939 1533 991 didicerat,
1567 939 1868 996 Archangelus

467 1009 702 1051 nuntiavit.
768 1010 838 1050 Ex
881 1009 959 1059 his,
983 1010 1142 1063 itaque,
1167 1008 1272 1063 quid
1309 1008 1558 1050 evidentius
1590 1022 1720 1063 quam
1753 1007 1866 1063 quod

467 1093 634 1119 summo
667 1078 784 1119 unici
816 1077 1036 1132 pontificis
1069 1076 1311 1118 sacerdotio
1343 1077 1484 1118 totius
1516 1076 1632 1118 orbis
1663 1076 1867 1119 humanae

467 1147 666 1187 nationes
688 1160 743 1186 ex
767 1145 1094 1201 Omnipotentis
1127 1145 1298 1186 decreto
1331 1145 1654 1200 subjiciantur?
1693 1145 1866 1186 Exeun-

468 1215 570 1255 dum
598 1214 760 1256 etenim
790 1213 892 1255 orbe
924 1214 974 1265 ei,
1000 1214 1075 1268 qui
1107 1212 1219 1255 forte
1241 1213 1360 1255 volet
1392 1213 1618 1269 explorare
1650 1227 1748 1268 quae
1778 1228 1866 1255 non

466 1283 521 1323 ad
553 1283 688 1337 ipsius
720 1297 866 1324 curam
914 1282 1173 1337 pertineant.
1259 1282 1325 1323 De
1355 1281 1535 1323 summis
1571 1295 1760 1336 namque
1801 1296 1866 1323 sa-

468 1351 724 1401 cerdotibus,
759 1350 966 1405 principis
1007 1350 1302 1406 apostolorum
1348 1350 1674 1402 successoribus,
1722 1350 1864 1402 nimis,

468 1419 542 1464 ait,
577 1419 845 1460 confortatus
898 1422 963 1459 est
1011 1419 1283 1474 principatus
1328 1432 1488 1470 eorum,
1525 1418 1602 1474 qui
1634 1418 1865 1460 constituti

468 1490 572 1527 sunt
594 1487 808 1542 principes
831 1486 948 1527 orbis
970 1488 1194 1528 terrarum.
1272 1487 1348 1528 Eis
1370 1489 1433 1538 tu,
1457 1486 1705 1528 beatissime
1724 1490 1861 1542 pater,

467 1555 707 1596 successisti
760 1554 804 1596 in
856 1554 1169 1597 haereditatem.
1254 1556 1326 1597 Ita
1372 1558 1422 1598 tu
1466 1555 1603 1598 haeres
1653 1558 1698 1597 et
1749 1555 1864 1598 orbis

466 1622 724 1665 haereditasJ

526 1691 689 1731 Annon
754 1691 805 1731 de
853 1691 1127 1733 ecclesiastici
1187 1691 1388 1733 culminis
1447 1706 1616 1734 summo
1658 1692 1863 1747 pontifice

467 1759 620 1800 scribit
684 1759 917 1815 legislator,
965 1760 1136 1801 dicens:
1217 1760 1344 1811 “Qui
1390 1760 1663 1816 superbierit,
1711 1761 1862 1802 nolens

468 1834 488 1849 “
522 1826 694 1868 obedire
741 1827 975 1869 sacerdotis
1022 1828 1213 1883 imperio,
1259 1829 1333 1883 qui
1380 1843 1429 1870 eo
1481 1832 1675 1884 tempore
1716 1829 1863 1871 minis-

467 1900 490 1917 “
523 1899 614 1936 trat
647 1895 835 1936 Domino
869 1896 953 1936 Dei
985 1899 1028 1937 et
1061 1896 1233 1938 decreto
1274 1896 1446 1951 judicis,
1480 1897 1693 1938 morietur
1733 1897 1860 1939 homo

467 1968 488 1985 ‘⁶
521 1964 604 2011 1116,
653 1967 698 2004 et
740 1963 963 2005 auferetur
1009 1964 1173 2005 malum
1217 1965 1270 2006 de
1321 1965 1465 2007 medio
1511 1965 1648 2006 Israel
1665 1981 1675 2017 3
1737 1979 1861 2007 cunc·

466 2035 489 2054 “
520 2035 677 2086 tusque
720 2033 906 2087 populus
948 2033 1129 2074 audiens
1172 2033 1358 2081 timebit,
1391 2037 1444 2075 ut
1474 2033 1621 2075 nullus
1662 2033 1860 2089 deinceps

464 2105 487 2121 “
518 2101 778 2141 intumescat
830 2100 1030 2155 superbia
1052 2103 1066 2141 2
1085 2101 1105 2115 ⁷¹
1180 2101 1320 2152 Quem
1362 2101 1445 2142 nisi
1488 2115 1705 2142 summum
1756 2116 1855 2157 pon-

463 2167 624 2208 tificem
658 2168 830 2208 divinus
874 2168 1112 2223 alloquitur
1155 2183 1304 2219 sermo,
1351 2183 1436 2224 quo
1483 2169 1669 2210 dicitur:
1715 2169 1858 2212 “Ecce

465 2240 487 2257 ‘⁴
519 2235 619 2276 dedi
650 2235 780 2276 verba
814 2250 911 2277 mea
942 2237 987 2276 in
1019 2251 1091 2278 ore
1136 2240 1244 2289 t1103
1288 2252 1381 2279 ecce
1423 2238 1629 2279 constitui
1658 2241 1704 2279 te
1734 2237 1857 2279 hodie

464 2307 486 2325 “
518 2317 644 2358 super
674 2306 824 2358 gentes
856 2307 900 2344 et
932 2318 1059 2359 super
1101 2319 1246 2361 regna,
1280 2308 1331 2346 ut
1371 2305 1542 2357 evellas,
1576 2309 1619 2347 et
1651 2305 1856 2358 destruas,

463 2377 484 2392 “
518 2374 563 2411 et
594 2371 824 2425 disperdas7
877 2375 921 2413 et
965 2372 1155 2428 dissipes,
1204 2376 1247 2415 et
1291 2373 1486 2426 aedifices,
1539 2376 1584 2415 et
1635 2373 1803 2429 plantes
1817 2371 1855 2415 2'’

464 2438 599 2492 Cujus
651 2453 819 2493 quoque
872 2440 954 2480 nisi
1000 2441 1165 2496 papalis
1207 2442 1472 2483 excellentiae
1529 2441 1654 2482 illum
1705 2441 1855 2483 mundi

464 2507 744 2547 monarchum
798 2507 1033 2549 Assuerum
1074 2510 1258 2565 figuram
1294 2509 1561 2565 praetendere
1593 2510 1850 2565 putabimus

465 2574 539 2628 qui
571 2574 629 2615 sic
660 2574 841 2629 loquens
873 2576 1098 2618 invenitur
1130 2577 1236 2633 [cap.
1270 2577 1389 2635 xiii]
1414 2594 1422 2619 :
1475 2583 1497 2599 “
1516 2577 1628 2620 Cum
1659 2578 1852 2634 pluribus

465 2647 485 2663 “
518 2642 722 2697 gentil5›us
771 2643 1036 2698 imperarem,
1073 2648 1117 2686 et
1164 2646 1419 2688 universum
1457 2647 1604 2688 orbem
1640 2661 1748 2689 meae
1790 2645 1850 2688 di-

464 2714 485 2730 “
518 2709 629 2749 tioni
667 2710 974 2765 subjugassem,
1016 2714 1135 2754 volui
1176 2729 1450 2769 nequaquam
1482 2714 1689 2770 potentiae
1730 2712 1849 2756 abuti

465 2782 484 2798 ‘⁶
518 2777 833 2832 magnitudine,
858 2780 931 2820 sed
963 2780 1194 2822 clementia
1215 2786 1258 2824 et
1278 2783 1461 2824 lenitate
1491 2782 1733 2837 gubernare
1753 2781 1849 2824 sub-

1082 2930 1089 2947 ¹
1116 2929 1180 2962 Sic.
