1905 3180
400 266 482 308 ΞΜ
870 272 976 303 ADAE
1008 272 1069 302 DE
1099 271 1298 303 MARlsoo

179 396 326 436 akindly
398 398 441 435 et
466 393 630 443 honori,
674 396 931 447 praesentem
964 391 1213 433 discretioni
1244 395 1401 434 vestrae
1439 392 1630 434 litteram
1663 393 1793 435 desti-

176 450 272 515 {2¹19
277 450 324 470 ro·
396 476 499 501 nare
530 460 689 509 curavi,
724 460 906 501 suadens
937 459 983 500 in
1015 459 1213 509 Domino,
1250 464 1302 501 ut
1333 460 1651 502 considerantes
1703 461 1793 502 exi-

398 532 492 569 tum
540 531 583 571 et
629 528 982 583 importunitates
1029 531 1279 569 memoratae
1327 543 1477 580 causae,
1515 543 1590 584 per
1634 528 1793 570 delibe-

394 599 533 637 ratam
564 595 813 637 maturioris
844 594 1011 636 consilii
1041 594 1477 651 circumspectionem,
1509 596 1546 637 si
1577 596 1638 638 sic
1668 596 1794 638 vobis

395 663 536 704 visum
590 663 733 712 fuerit,
791 662 1003 704 studeatis
1054 657 1223 704 damnis
1279 663 1591 706 dissensionum
1636 664 1792 707 amica-

395 731 525 772 bilem
558 745 775 772 occurrere
807 730 1186 786 compositionem.¹

454 798 617 847 Valeat,
652 802 728 841 etc.

1024 990 1157 1033 CXV.

391 1117 666 1161 Honorabili
698 1117 808 1167 viro,
842 1115 1028 1159 domino
1063 1116 1136 1159 Th.
1169 1115 1222 1157 de
1253 1115 1446 1168 Aozestifl
1491 1116 1652 1159 Frater
1681 1117 1791 1161 Ada

506 1186 706 1238 salutem,
741 1190 779 1228 et
830 1189 931 1240 post
972 1184 1108 1240 piam
1149 1198 1308 1240 pacem
1354 1185 1567 1240 temporis
1618 1184 1790 1230 beatam

502 1253 700 1309 (storiam
731 1252 1008 1296 ceternaatz's.

166 1397 205 1428 In
217 1397 375 1430 behalfof
447 1379 622 1421 Eximia
664 1379 743 1421 lati
806 1379 964 1421 cordis.
1006 1376 1316 1427 munificentia,
1352 1391 1482 1433 quam
1529 1378 1646 1434 apud
1692 1393 1790 1435 pro—

166 1442 310 1517 {inuade
387 1448 571 1491 visivam
623 1450 779 1489 vestrae
843 1446 1017 1502 pietatis
1084 1445 1345 1486 industriam
1397 1445 1600 1501 frequens
1663 1446 1790 1489 famae

165 1491 245 1518 „tan
271 1497 322 1518 un.
386 1515 575 1558 clarioris
606 1515 784 1556 assertio
806 1513 1038 1569 multiplici
1070 1513 1343 1554 commendat
1374 1513 1652 1570 experientia,
1701 1529 1790 1557 non

385 1587 475 1624 tam
521 1583 725 1624 fiduciam
768 1580 1074 1636 interpellandi
1119 1580 1319 1636 praebuit,
1354 1595 1482 1635 quam
1516 1582 1680 1624 ademit
1711 1582 1790 1623 im-

383 1651 581 1706 petrandi
615 1649 908 1691 diffidentiam.
963 1648 1204 1704 Eapropter
1224 1661 1301 1704 pro
1327 1648 1533 1704 magistro
1556 1648 1790 1692 Willielmo

384 1720 436 1760 de
464 1718 677 1767 Standun,
709 1717 804 1758 viro
826 1717 894 1758 cui
923 1720 967 1758 et
987 1716 1170 1758 honesta
1191 1715 1471 1765 conversatio,
1495 1719 1539 1759 et
1565 1716 1789 1772 ingenium

383 1786 528 1835 docile,
553 1789 596 1827 et
618 1787 822 1840 provecta
848 1784 1037 1832 scientia,
1061 1787 1105 1825 et
1132 1783 1352 1838 eloquium
1374 1783 1648 1836 conveniens,
1679 1798 1792 1827 com-

381 1854 700 1895 mendationem
732 1852 882 1893 afferre
929 1851 1222 1907 perhibentur,
1254 1865 1382 1906 quem
1414 1851 1470 1892 ad
1499 1851 1789 1895 eruditionem

382 1920 715 1977 impendendam
765 1920 1011 1962 litterarum
1057 1918 1301 1960 liberalium
1347 1918 1402 1960 ab
1455 1919 1581 1961 annis
1631 1921 1789 1963 teneri-

383 1989 528 2030 oribus
550 1992 695 2030 vestro
724 1988 885 2030 fretum
906 1986 1146 2044 patrocinio
1169 1986 1389 2042 promovit
1416 1986 1607 2043 propitia
1628 1987 1789 2030 divim·-

382 2060 461 2108 tas,
494 2059 749 2111 praesentem
796 2054 1051 2097 liberalitati
1082 2057 1239 2096 vestrae
1280 2053 1537 2109 petitionem
1569 2054 1787 2098 destinare

383 2124 541 2172 studui,
574 2138 729 2179 rogans
761 2122 982 2171 attentius
1017 2124 1232 2176 quatenus
1264 2121 1403 2163 eidem
1433 2121 1683 2177 importuna
1724 2123 1786 2165 rei

382 2191 605 2233 familiaris
637 2191 851 2232 tenuitate
883 2189 1109 2240 laboranti,
1132 2192 1185 2230 ut
1215 2188 1387 2231 noverit
1419 2192 1463 2230 et
1494 2189 1696 2239 voluerit,
1730 2191 1786 2232 ob

383 2258 626 2299 uberiorem
673 2258 832 2299 favoris
889 2257 1064 2313 superni
1104 2256 1451 2308 retributionem,
1494 2259 1641 2298 vestra
1684 2258 1786 2300 sub-

383 2326 530 2367 venire
565 2325 675 2367 velit
707 2324 1017 2366 benevolentia.
1094 2324 1189 2376 Quo
1220 2324 1299 2366 fiat
1330 2327 1381 2365 ut
1412 2338 1543 2379 quam
1574 2324 1621 2365 in
1652 2326 1783 2381 agr-02

383 2393 622 2434 fecundiori
667 2393 1010 2434 benedictionem
1059 2391 1387 2444 seminaveritis,
1420 2406 1517 2433 cum
1560 2392 1785 2435 abundan-

385 2461 488 2502 tiori
519 2460 692 2515 frugum
724 2460 1001 2509 incremento,
1036 2461 1091 2501 ad
1122 2459 1356 2502 salutarem
1387 2459 1624 2503 multorum
1655 2461 1784 2503 refec-

385 2527 561 2577 tionem,
584 2527 768 2568 feliciter
797 2530 958 2569 metere
989 2527 1183 2570 valeatis
1247 2526 1448 2582 Denique
1471 2527 1568 2582 quis
1590 2541 1782 2583 unquam

386 2594 597 2649 explicare
640 2594 815 2644 valebit,
848 2595 895 2636 in
940 2596 992 2636 iis
1039 2610 1135 2650 quae
1187 2609 1302 2637 nunc
1344 2594 1416 2651 agi
1461 2594 1784 2652 conspiciuntur

385 2661 716 2703 novissimorum
750 2662 914 2704 dierum
957 2663 1223 2719 temporibus
1268 2661 1650 2719 periculosissimis,
1682 2661 1783 2704 hor-

429 2856 437 2874 ¹
453 2856 515 2887 Sic.
1071 2853 1082 2900 j
1148 2856 1160 2874 ²
1175 2853 1258 2896 quod
1274 2855 1305 2886 in
1322 2863 1444 2898 ayyere,
1460 2852 1534 2889 MS.
