1905 3180
229 372 322 403 An

194 420 352 448 1:225—50.

260 465 290 490 2.

170 506 198 535 F
201 515 224 535 r.
242 505 362 536 Alber-

169 555 221 580 tus
238 548 275 579 of
286 549 372 580 Pisa.

164 1850 225 1902 ⁸His
243 1864 316 1897 say·

161 1907 244 1938 ings.

399 236 451 275 56
809 240 990 272 THoMAs
1023 238 1082 271 DE
1115 241 1374 272 ECCLESTON.

398 361 549 401 datum
582 358 747 400 domini
770 359 898 414 Papae
921 358 1132 414 Gregorii,
1157 359 1272 413 quod
1303 359 1458 400 fratres
1485 358 1794 401 Praedicatores

398 429 567 469 nullum
605 427 861 483 obligarent,
901 442 986 482 quo
1032 427 1176 468 minus
1223 429 1367 482 posset
1400 427 1454 468 ad
1492 442 1793 482 quamcunque

397 496 529 537 vellet
560 495 812 551 religionem
845 495 1021 545 intrare,
1049 509 1127 536 nec
1158 495 1314 535 fratres
1346 509 1444 536 suos
1473 495 1676 546 novicios,
1708 495 1793 535 nisi

396 564 608 619 completo
643 578 757 604 anno
791 563 1072 618 probationis,
1108 563 1164 603 ad
1200 562 1505 617 professionem
1542 563 1793 618 reciperent.

396 633 728 674 Consueverunt
770 631 885 672 enim
927 630 1020 686 ipso
1056 630 1124 671 (110
1159 631 1376 686 ingressus
1417 631 1495 682 sui,
1539 631 1574 671 si
1615 631 1792 682 vellent,

393 700 604 756 profiteri,
672 698 834 754 sicque¹
901 698 1004 740 fecit
1063 698 1189 740 bonae
1255 698 1474 739 memoriae
1532 698 1688 739 Frater
1741 698 1792 739 R.

395 769 553 810 Bacun.
631 768 722 823 Ipsi
760 782 860 823 ergo
904 767 1141 822 plurimum
1189 766 1392 808 commoti
1445 766 1794 822 impetraverunt

392 836 565 891 postea‘2
607 851 633 877 a
674 835 850 877 domino
895 835 1012 890 Papa
1060 835 1317 875 Innocentio
1356 834 1443 883 IV„
1487 834 1603 889 quod
1647 834 1793 874 nullus

394 905 549 945 Frater
583 903 727 944 Minor
757 917 856 944 suos
890 902 1105 957 obligatos
1137 902 1376 958 reciperet3
1412 902 1527 956 quod
1556 902 1592 942 si
1620 901 1790 953 faceret,

393 975 504 1013 esset
533 971 934 1013 excommunicatus
966 970 1018 1011 de
1053 970 1191 1019 facto3
1227 973 1270 1010 et
1304 970 1387 1025 ipsi
1421 969 1622 1011 similiter
1653 984 1792 1010 annu-

393 1043 520 1080 erunt
553 1040 605 1080 de
636 1039 808 1080 nostris.
885 1038 1207 1093 Obligaverunt
1239 1052 1338 1093 ergo
1368 1040 1437 1079 tot
1471 1036 1640 1089 modis,3
1669 1040 1713 1078 et
1745 1038 1791 1078 in

392 1110 565 1148 tantum
600 1106 678 1148 hoc
724 1105 1003 1161 privilegium
1052 1105 1400 1161 publicaverunt,
1445 1105 1560 1160 quod
1605 1105 1684 1145 vix
1716 1105 1793 1144 ali-

391 1190 519 1229 quem
552 1174 838 1216 dimitterent.
922 1172 1009 1214 Sed
1042 1187 1130 1214 non
1175 1173 1251 1213 diu
1298 1172 1477 1214 duravit
1518 1173 1603 1213 ista
1654 1171 1793 1213 tribu-

390 1243 507 1284 latio.
586 1243 703 1284 Nam
736 1242 862 1283 bonae
895 1241 1113 1283 memoriae
1147 1241 1303 1282 Frater
1335 1240 1401 1281 W.
1432 1241 1484 1282 de
1517 1240 1792 1296 Notingham.

390 1314 434 1352 et
473 1312 626 1352 Frater
664 1311 819 1352 Petrus
861 1311 913 1351 de
957 1309 1242 1364 Teukesbury
1285 1309 1572 1351 ostenderunt
1614 1308 1790 1350 domino

390 1378 520 1434 Papae
557 1379 661 1433 quid
697 1379 967 1434 predecessor
1003 1392 1106 1419 suus
1143 1381 1370 1429 statuerat,
1410 1381 1454 1419 et
1490 1378 1581 1433 ipse
1613 1377 1791 1418 circum-

389 1450 571 1488 ventum
593 1462 636 1488 se
658 1446 813 1498 dicens,
836 1446 937 1487 11001
969 1461 1066 1487 011111
1098 1446 1280 1487 molesta
1311 1446 1521 1486 dilatione
1552 1445 1632 1486 1100
1652 1445 1789 1496 fieret,

389 1515 701 1556 revocatoriam
750 1514 810 1555 eis
862 1514 1079 1556 concessit.
1164 1513 1294 1554 Dixit
1355 1521 1502 1555 autem
1554 1513 1790 1568 aliquando

391 1583 545 1625 Frater
598 1583 822 1633 Albertus,
857 1582 973 1637 quod
1013 1582 1140 1623 valde
1179 1581 1385 1623 debemus
1419 1581 1599 1636 diligere
1634 1581 1789 1622 fratres

390 1650 710 1702 Piaedicatores,
735 1650 838 1705 quia
862 1650 909 1690 in
938 1649 1136 1705 pluribus
1166 1649 1422 1705 profuerunt
1451 1649 1606 1691 Ordini
1628 1652 1787 1700 nostro,

387 1722 431 1759 01
474 1719 800 1760 occasionaliter
841 1718 1147 1759 instruxerunt
1190 1732 1268 1759 nos
1309 1717 1365 1758 ad
1410 1717 1558 1758 sutura
1597 1717 1789 1772 pericula

387 1787 681 1841 praecavenda.

448 1855 503 1896 In
557 1855 692 1896 officio
745 1852 897 1895 divino
949 1853 1104 1895 extitit
1157 1868 1323 1909 semper
1375 1853 1691 1902 devotissimus,
1745 1855 1790 1895 01

387 1922 541 1964 clausis
574 1923 707 1964 oculis
742 1922 1044 1978 evagationem
1082 1922 1241 1963 mentis
1278 1922 1487 1964 evitabat.
1566 1922 1621 1962 In
1658 1922 1788 1963 00010-

387 1995 479 2033 tate
510 1991 696 2032 fratrum
728 2004 893 2045 semper
929 1990 1080 2031 hilaris
1112 1993 1156 2031 et
1182 1989 1398 2045 jocundus
1430 1990 1624 2031 omnium
1657 1989 1712 2030 ad
1744 2004 1787 2031 se

388 2059 604 2101 convertit
649 2058 862 2099 affectum.
939 2057 1070 2099 Unde
1125 2072 1222 2099 cum
1279 2058 1475 2099 minutus
1517 2057 1670 2099 fuisset
1711 2057 1789 2098 ali-

388 2127 560 2182 quando
603 2141 698 2167 cum
748 2129 968 2168 conventu
1010 2126 1143 2167 talem
1192 2126 1308 2167 inter
1363 2126 1498 2168 socios
1560 2127 1786 2182 proposuit

386 2195 648 2249 parabolam,
691 2198 867 2250 propter
908 2194 1128 2235 novicium
1173 2194 1389 2248 quendam
1439 2195 1666 2250 praecipue,
1710 2194 1784 2249 qui

386 2277 573 2318 praesens
623 2265 727 2311 erat,
773 2262 847 2316 qui
893 2261 1024 2302 nimis
1065 2262 1236 2316 sapiens
1278 2265 1372 2302 erat
1414 2262 1460 2302 in
1510 2262 1646 2303 oculis
1687 2276 1785 2317 pro·

382 2331 499 2385 111-110,
523 2333 566 2371 01
589 2330 869 2385 praesumpsit
900 2329 1196 2370 intromittere
1229 2344 1272 2370 se
1302 2329 1355 2370 de
1383 2328 1781 2385 impertinentibus.

385 2398 600 2447 Rusticus,
649 2398 804 2452 inquit,
854 2397 1044 2452 quidam,
1097 2397 1279 2438 audiens
1327 2397 1442 2451 quod
1493 2401 1620 2438 tanta
1661 2398 1782 2452 quies

382 2469 493 2507 esset
527 2469 571 2507 et
607 2469 676 2507 tot
710 2465 874 2507 deliciae
906 2465 953 2505 in
986 2464 1206 2516 Paradiso,
1241 2465 1458 2520 profectus
1489 2468 1555 2506 est
1585 2469 1636 2506 ut
1668 2480 1783 2520 (111ῑο-

382 2537 496 2574 reret
529 2533 604 2575 ubi
642 2536 763 2582 esset,
807 2533 843 2573 si
874 2533 984 2574 forte
1016 2532 1162 2587 aliquo
1195 2533 1322 2574 modo
1354 2536 1498 2589 posset
1530 2533 1781 2574 intromitti.

381 2600 440 2642 Et
466 2616 564 2642 cum
590 2601 769 2643 tandem
795 2600 1063 2656 pervenisset
1087 2600 1143 2641 ad
1172 2604 1351 2656 portam,
1376 2600 1546 2642 invenit
1570 2601 1779 2643 Sanctum

424 2788 431 2806 ¹
457 2788 503 2818 sic
519 2786 610 2828 quod,
626 2786 725 2819 Ebor-

421 2841 433 2858 2
457 2849 519 2871 om.
544 2838 631 2872 Cott.
1156 2801 1254 2858 311153,
1273 2818 1356 2852 Cott.
