1905 3180
448 251 532 293 384
942 258 1048 290 ADAE
1080 258 1141 289 DE
1171 255 1376 288 MAmsco.

509 377 611 417 Non
646 377 791 431 potest
824 374 960 430 igitur
993 372 1267 415 sanctissima
1299 373 1431 415 Sedes
1482 373 1746 429 Apostolica,
1782 373 1850 416 cui

450 460 475 486 a
507 446 655 486 sancto
705 446 954 484 sanctorum
1001 442 1190 483 Domino
1236 441 1344 482 Jesu
1378 441 1553 484 Christo
1586 441 1753 484 tradita
1786 444 1852 483 est

450 515 642 568 potestas
676 510 935 559 omnimoda,
972 513 1162 552 testante
1201 510 1409 565 apostolo,
1439 510 1487 551 in
1518 510 1852 552 aedificationem

451 587 493 622 et
518 594 607 621 non
638 579 685 620 in
721 578 1072 628 destructionem,
1111 577 1282 632 aliquid
1319 591 1504 633 vergens
1532 577 1580 618 in
1602 577 1853 633 hujusmodi

450 651 684 703 peccatum,
709 647 882 689 domino
914 646 942 688 J
946 660 1020 687 esu
1054 644 1230 687 Christo
1271 648 1364 686 tam
1388 645 1560 697 odibile,
1585 645 1852 697 detestabile,

451 715 754 766 abominabile,
820 718 865 756 et
905 714 1095 754 humano
1147 713 1296 768 generi
1347 727 1512 754 summe
1563 712 1851 769 pernecabile,

451 783 657 824 mandare
699 782 767 823 vel
809 781 1051 837 praecipere,
1093 780 1164 821 vel
1217 795 1389 836 quoquo
1422 781 1550 822 modo
1593 780 1649 822 ad
1688 780 1853 835 aliquid

451 852 538 893 tale
575 851 731 892 conari.
825 849 922 890 Hoc
970 848 1087 890 enim
1137 848 1366 890 evidenter
1417 852 1529 890 esset
1587 863 1675 890 suae
1713 852 1854 904 potes-

452 919 558 960 tatis
605 918 884 960 sanctissimae
929 920 973 958 et
1010 916 1273 971 plenissimae
1315 916 1385 958 vel
1427 916 1622 966 desectio,
1667 917 1737 958 vel
1768 931 1856 958 cor-

452 987 608 1041 ruptiO,
659 986 728 1027 vel
776 984 940 1035 abusio,
990 987 1034 1026 et
1068 998 1094 1025 a
1129 984 1287 1026 throno
1320 984 1471 1040 gloriae
1519 985 1700 1026 Domini
1748 984 1856 1026 Jesu

455 1053 618 1095 Christi
662 1053 889 1108 elongatio,
924 1054 967 1093 et
998 1052 1045 1092 in
1083 1052 1288 1093 cathedra
1329 1053 1591 1107 pestilentiae
1626 1067 1855 1108 poenarum

452 1121 761 1177 gehennalium
798 1120 966 1161 duobus
1008 1120 1229 1175 praedictis
1270 1120 1551 1162 tenebrarum
1589 1121 1855 1176 principibus

456 1189 653 1245 proxima
694 1188 935 1230 coassessio.
1026 1187 1119 1229 Nec
1161 1191 1310 1243 potest
1355 1189 1450 1242 quis
1498 1189 1779 1230 immaculata
1812 1191 1856 1230 et

455 1258 620 1299 sincera
667 1257 914 1298 obedientia
963 1255 1105 1297 eidem
1157 1256 1259 1297 Sedi
1305 1256 1506 1297 subditus
1551 1260 1595 1298 et
1627 1256 1779 1308 fidelis,
1812 1259 1855 1299 et

458 1341 483 1367 a
517 1325 704 1380 Corpore
738 1324 903 1366 Christi
936 1328 979 1365 et
1021 1323 1171 1364 eadem
1208 1323 1370 1365 Sancta
1412 1323 1521 1365 Sede
1565 1338 1650 1379 perr
1673 1325 1857 1366 schisma

459 1408 546 1435 non
578 1394 798 1442 abscissus,
831 1392 1081 1447 hujusmodi
1125 1392 1346 1433 mandatis
1390 1392 1461 1433 vel
1506 1392 1744 1448 praeceptiS,
1788 1393 1858 1434 vel

460 1461 786 1517 quibuscunque
841 1460 1141 1501 conaminibus
1206 1460 1492 1514 undecunque
1540 1460 1856 1512 emanantibus,

460 1529 629 1570 etiamsi
681 1543 707 1569 a
760 1542 959 1583 supremo
1002 1527 1272 1582 Angelorum
1311 1527 1488 1580 Ordine,
1533 1528 1830 1584 obtemperare
1847 1544 1857 1580 ;

459 1597 532 1638 sed
563 1611 730 1638 necesse
761 1596 894 1638 habet
924 1596 1031 1637 totis
1059 1595 1227 1637 viribus
1250 1596 1542 1638 contradicere
1576 1599 1620 1638 et
1641 1597 1857 1638 rebellare.

509 1665 691 1720 Propter
704 1664 794 1716 hoc,
810 1663 1046 1713 reverendi,
1066 1663 1243 1715 domini,
1260 1678 1338 1719 ego
1361 1678 1415 1705 ex
1437 1663 1585 1705 debito
1600 1664 1857 1707 obedientiae

459 1736 503 1774 et
531 1733 766 1783 fidelitatis,
801 1746 887 1786 qua
918 1735 1078 1780 teneor,
1111 1735 1162 1773 ut
1187 1732 1363 1786 utrique
1394 1732 1577 1787 parenti,
1595 1731 1857 1788 Apostolicae

458 1801 740 1842 sanctissimae
767 1799 879 1849 Sedi,
898 1802 942 1840 et
964 1813 1019 1841 ex
1040 1813 1185 1841 amore
1208 1799 1383 1841 unionis
1404 1800 1451 1841 in
1469 1799 1657 1856 Corpore
1681 1800 1856 1854 Christi,

459 1884 555 1911 cum
578 1884 627 1910 ea
648 1868 715 1910 his
750 1883 846 1923 quae
868 1868 914 1908 in
945 1867 1155 1923 praedicta
1185 1867 1334 1909 littera
1356 1868 1649 1920 continentur,
1673 1872 1717 1911 et
1737 1884 1858 1911 max-

458 1938 542 1978 ime
579 1937 683 1992 quia
727 1939 984 1991 praetactum
1030 1939 1254 1991 peccatum
1310 1936 1500 1978 Domino
1541 1936 1571 1977 J
1575 1950 1649 1978 esu
1684 1936 1857 1980 Christo

458 2004 930 2053 abominabilissimum,
970 2006 1014 2045 et
1047 2003 1239 2045 humano
1274 2003 1420 2059 generi
1452 2004 1857 2060 perniciosissimum

459 2072 782 2115 evidentissime
817 2069 1037 2127 vergunt‚¹
1076 2075 1120 2113 et
1169 2071 1433 2127 Apostolicae
1467 2071 1589 2113 Sedis
1634 2071 1857 2115 sanctitati

460 2140 636 2181 omnino
679 2141 965 2181 adversantur
1006 2143 1050 2181 et
1096 2139 1432 2189 contrari-antur,
1475 2140 1689 2190 canonice,
1733 2141 1856 2183 unice

459 2208 649 2248 filialiter
681 2211 731 2264 et¹
753 2207 1003 2249 obedienter
1028 2222 1116 2248 non
1141 2207 1303 2257 obedio,
1334 2208 1590 2258 contradico,
1615 2212 1658 2250 et
1686 2209 1854 2252 rebello.

460 2275 502 2316 N
507 2290 553 2317 ec
590 2275 643 2316 ob
686 2275 764 2316 hoc
805 2279 951 2316 vestra
990 2275 1190 2317 discretio
1233 2275 1466 2330 quicquam
1511 2276 1669 2317 durum
1707 2280 1856 2318 contra

459 2358 527 2384 me
568 2346 771 2391 statuere,
804 2343 904 2397 quia
951 2343 1094 2384 onmia
1138 2357 1234 2385 mea
1269 2343 1316 2384 in
1347 2343 1428 2385 hac
1458 2347 1592 2399 parte,
1638 2347 1682 2386 et
1726 2344 1855 2386 dictio

460 2414 504 2450 et
541 2410 666 2461 actio,
700 2424 779 2451 nec
820 2410 1108 2452 contradictio
1147 2413 1223 2462 est,
1259 2425 1339 2452 nec
1375 2410 1565 2463 rebellio,
1601 2412 1676 2453 sed
1711 2411 1854 2453 filialis

460 2477 610 2519 divino
641 2477 862 2529 mandato,
898 2477 1046 2519 debita
1075 2477 1193 2533 patri
1224 2481 1268 2520 et
1299 2479 1431 2520 matri
1462 2478 1702 2521 honoratio.
1757 2480 1856 2521 Bre-
1887 2501 1900 2524 ,«

458 2545 574 2586 viter
615 2548 763 2586 autem
799 2545 1052 2601 recolligens
1089 2546 1183 2588 dico
1226 2546 1488 2602 Apostolicae
1524 2547 1657 2588 Sedes
1694 2546 1853 2588 sancti-

459 2613 566 2653 tatis
587 2626 676 2653 non
698 2616 843 2667 potest
864 2612 949 2653 nisi
974 2627 1069 2668 quae
1091 2613 1138 2654 in
1175 2613 1518 2666 aedificationem,
1542 2617 1586 2656 et
1607 2629 1696 2656 non
1716 2615 1762 2656 in
1783 2614 1851 2656 de-
1892 2631 1896 2642 1'

459 2680 751 2722 structionem.
806 2680 915 2722 Haec
946 2684 1011 2722 est
1040 2682 1271 2736 potestatis
1298 2682 1526 2737 plenitudo
1556 2683 1700 2723 omnia
1735 2695 1852 2738 posse

1100 2856 1107 2874 ¹
1127 2855 1191 2888 Sic.
