1905 3180
460 283 518 314 DE
549 284 764 315 Δ1111111011]
797 282 1024 316 nummum.
1384 276 1438 315 53

43 398 261 440 Clamavit
312 402 457 440 autem
509 415 583 455 per
644 405 731 442 tres
782 401 872 442 dies
925 400 1150 441 continuos
1202 406 1434 455 ε1111-(·(·111;1111

40 466 190 517 obiret,
254 467 377 522 quasi
446 468 658 517 continue,
733 476 752 489 “
781 469 821 510 V
820 468 908 519 eni,
969 467 1231 510 dulcissime
1284 469 1434 511 Je-szt.’'

41 533 194 589 Igitur,
228 535 506 576 sacramentis
548 535 841 577 ecclesiasticis
882 536 963 577 rite
1016 537 1210 591 peractis,
1257 537 1342 592 ipse
1384 539 1436 579 do

39 616 276 643 successore
327 603 559 657 requisitus
591 607 641 644 ut
673 603 921 651 consuleret,
955 604 1172 644 consuluit
1212 607 1263 645 ut
1294 605 1438 645 mitte-

39 672 160 710 retur
203 670 357 712 Frater
392 671 523 725 Hugo
556 672 608 712 (10
644 671 807 725 VVellys
842 671 897 711 ad
930 671 1128 711 Fratrem
1163 671 1349 721 Heliam,
1395 676 1438 713 et

41 740 92 777 ut
131 737 285 779 fratres
322 741 519 793 peterent
560 739 642 780 sibi
680 738 853 780 concedi
887 738 933 779 in
975 738 1201 779 ministum
1240 739 1437 780 Fran-0111

42 805 275 846 Albertum
313 806 530 856 Pisanum,
568 807 639 847 vel
677 807 875 848 Fratrem
910 806 1197 861 Haymoncm,
1230 807 1301 848 vel
1335 808 1440 848 Fra-

45 887 152 914 trem
197 873 435 914 Radulfum
476 875 740 916 Remensem.
825 874 1064 916 Constituit
1106 878 1261 923 autem,
1306 890 1442 929 quan-

42 943 137 981 tum
167 940 213 981 in
240 956 283 982 se
319 942 414 990 fuit,
447 942 659 983 vicarium
694 943 891 983 Fratrem
925 942 1100 983 Petrum
1139 943 1190 983 de
1223 942 1442 983 Theukvs-

37 1007 174 1063 bury3
219 1012 263 1050 et
298 1009 357 1050 sic
389 1009 558 1065 petitis¹
604 1010 883 1065 singulariter
920 1009 1134 1065 suffragiis
1172 1010 1438 1065 singulorum

41 1075 237 1126 fratrum,
280 1077 492 1133 completa
534 1078 914 1126 0011111101111110111110,
958 1093 1087 1132 (11111111
1125 1081 1168 1118 et
1210 1078 1298 1132 ipse
1341 1093 1437 1118 011111

43 1148 261 1185 conventu
309 1145 434 1193 dixit,
476 1145 659 1187 feliciter
705 1145 931 1200 expiravit.
1014 1145 1256 1186 Videbatur
1296 1149 1442 1186 autem

44 1212 156 1253 socio
208 1227 285 1253 suo
325 1213 469 1254 Fratri
521 1213 714 1254 XValtero
757 1214 808 1254 de
854 1213 1093 1268 Maddeley,
1147 1214 1262 1267 quod
1313 1213 1443 1253 funus

46 1280 264 1333 quoddam
314 1280 455 1335 jacuit
508 1280 555 1321 in
600 1281 739 1329 choro,
793 1281 907 1335 (111011
965 1296 990 1320 a
1038 1295 1160 1321 cruce
1211 1280 1445 1321 videbatur

44 1351 236 1389 recenter
278 1348 534 1404 depositum.
602 1348 644 1388 N
649 1363 719 1389 ani
757 1351 800 1389 et
842 1348 1034 1402 quinque
1071 1348 1253 1389 vulnera
1290 1348 1446 1388 hahuit

44 1415 90 1455 in
127 1415 304 1456 modum
339 1416 536 1456 crucifixi
570 1415 708 1456 Jhesu
760 1415 923 1456 Christi
967 1415 1256 1470 sanguinaria.
1334 1415 1444 1456 Cum

44 1497 146 1524 vero
189 1483 379 1524 crederet
422 1483 538 1538 quod
580 1487 690 1524 esset
734 1483 823 1538 ipse
865 1483 1003 1524 dulcis
1056 1483 1085 1524 J
1090 1498 1184 1524 esus
1234 1483 1443 1531 Christus,

44 1551 395 1608 appropinquans
470 1552 664 1593 cominus
740 1551 854 1593 vidit
932 1552 1047 1605 quod
1125 1555 1217 1593 erat
1293 1552 1446 1592 Frater

47 1620 299 1676 Angnellus.

107 1687 303 1744 Dignum
350 1688 560 1730 memoria
617 1687 731 1743 quod
785 1687 855 1728 vir
907 1687 1170 1729 venerabilis
1240 1687 1446 1742 magister

49 1755 169 1797 Serio
226 1756 412 1797 decanus
463 1756 670 1798 ΟΧο111102
724 1755 895 1797 monuit
948 1755 1124 1797 fratrem
1181 1755 1446 1811 Anguellum

48 1825 164 1879 quod
196 1839 292 1866 raro
321 1825 564 1866 comederet
596 1827 723 1865 extra
757 1826 1032 1865 conventum.
1097 1823 1270 1864 Accidit
1302 1827 1445 1864 autem

47 1896 98 1933 ut
139 1892 376 1949 garelianus
425 1892 603 1947 quidam
660 1891 811 1933 eadem
866 1891 935 1931 die
993 1905 1077 1945 qua
1133 1890 1446 1945 praedicaverat

48 1961 216 2016 populo,
261 1975 403 2002 coram
446 1960 641 2002 saeculari
679 1959 878 2014 quoda-m,
923 1973 1020 2000 cum
1069 1958 1257 2014 quodam
1299 1973 1447 1999 mona—

49 2029 127 2069 cho
164 2028 309 2070 verbis
343 2028 565 2083 jocaretur
598 2032 697 2083 post
732 2027 973 2083 prandium,
1010 2026 1220 2081 siquidem
1258 2026 1448 2067 comede-

49 2100 152 2137 rant
183 2111 279 2137 cum
311 2096 549 2147 fratribus3
595 2094 812 2137 saeoularis
849 2098 996 2135 autem
1033 2094 1150 2134 dixit
1182 2094 1289 2135 clam
1322 2094 1449 2134 fratri

50 2164 232 2213 cuidam,
277 2163 352 2218 qui
409 2167 502 2205 erat
557 2178 658 2205 suus
712 2162 977 2211 secretarius,
1027 2162 1106 2203 hoc
1159 2177 1247 2203 non
1303 2162 1450 2203 decere

49 2232 281 2288 praelatum
333 2235 377 2273 et
417 2231 754 2287 praedicatorem.
840 2230 1085 2271 Gai-dianus
1136 2233 1282 2271 autem
1335 2230 1450 2271 idem

50 2299 167 2342 dixit
217 2299 325 2340 mihi
382 2300 497 2354 quod
559 2299 783 2340 maluisset
840 2298 956 2353 quod
1017 2312 1238 2353 percussus
1300 2297 1451 2339 fuisset

51 2368 199 2409 lancea
259 2382 335 2423 per
391 2367 584 2408 medium
647 2370 865 2408 costarum
932 2380 1109 2407 suarum
1172 2380 1302 2420 quam
1362 2366 1449 2406 tale

53 2435 241 2477 dedisset
273 2435 528 2490 exemphnn.
593 2435 648 2475 In
679 2438 854 2476 tantum
884 2433 1085 2475 zelabant
1112 2434 1267 2475 fratres
1298 2433 1449 2475 hones-

52 2507 192 2545 tatem
235 2503 411 2552 ordinis,
454 2507 498 2544 et
539 2503 754 2558 praecipue
797 2503 832 2543 F
838 2504 950 2543 rater
986 2502 1237 2558 Angnellus,
1281 2505 1332 2542 ut
1372 2516 1450 2542 nec

53 2571 281 2613 secretario
312 2570 426 2626 regis
467 2574 670 2626 parceret,
715 2570 790 2611 sed
831 2569 997 2611 amovit
1028 2584 1127 2610 eum
1169 2584 1195 2610 a
1235 2569 1363 2617 curia,
1407 2572 1451 2610 et

54 2653 143 2680 non
172 2639 372 2695 permisit
404 2639 520 2694 quod
551 2638 717 2694 aliquid
748 2638 946 2680 mitteret
977 2637 1048 2679 vel
1079 2637 1302 2693 acciperet.

117 2707 273 2748 Frater
323 2706 576 2762 Angnellus,
630 2721 727 2747 cum
778 2705 855 2747 diu
903 2705 951 2746 in
1002 2705 1151 2746 ordine
1198 2705 1450 2746 diaconatus

106 2886 114 2911 ¹
138 2894 270 2932 vendas,
296 2891 381 2927 Cott.
738 2891 742 2935 Ι
807 2893 818 2911 ‘-‘
834 2891 943 2933 Eum,
964 2892 1047 2925 Cott.

1515 400 1603 432 Λ.Ῑ).

1481 448 1639 477 1225-50.
