1905 3180
705 236 941 271 EPISTOLAE.
1435 229 1521 271 229

795 417 868 460 CI.

121 522 457 567 Amantissimo
487 522 577 566 sibi
607 522 662 566 in
695 522 870 566 Christo
900 521 1099 564 Domino
1130 523 1175 565 J.
1207 522 1260 565 cte
1307 522 1522 566 Orat-Itale

241 592 400 634 Frater
432 592 542 634 Asta
568 606 727 648 pacem
757 591 812 634 in
851 590 989 633 terris
1031 594 1070 632 et
1111 589 1309 645 {storiam
1354 591 1411 633 in
1453 606 1522 633 ea:-

244 659 380 702 celsis.

183 763 253 805 Sit
281 764 526 806 benedictio
549 764 779 812 Salvator-i,
814 764 888 819 qui
919 777 1170 818 prosperum
1201 762 1286 803 iter
1316 762 1521 805 facientes
1540 764 1727 807 Acongra-

121 835 279 873 vestrae
333 832 693 888 peregrinationis
745 846 822 873 vos
874 831 1058 872 deduxit
1109 834 1153 871 et
1203 830 1381 872 reduxit
1423 845 1520 872 cum
1538 809 1690 885 ἶέἒῗὲξὲζ

122 898 285 941 salute.¹
344 899 470 951 Quod
495 900 632 955 igitur
659 914 734 955 per
754 899 993 954 alloquium
1014 898 1249 954 personalis
1276 899 1521 954 praesentiae
1538 897 1589 929 his
1601 902 1725 929 return.

121 966 258 1008 facere
286 981 464 1022 nequeo,
494 967 572 1009 hoc
600 982 680 1023 ago
707 982 782 1023 per
810 967 1014 1008 affectum
1043 966 1303 1021 obsequialis
1331 967 1490 1008 litterae
1511 983 1520 1018 3

121 1035 324 1076 videlicet
356 1034 542 1077 officium
574 1035 718 1090 dignae
762 1034 1037 1076 salutationis
1069 1034 1325 1089 impendens
1363 1034 1520 1075 sereni-

121 1102 227 1143 tatis
258 1106 414 1144 vestrae
460 1102 679 1144 dilectioni
722 1103 906 1144 devotus
938 1117 1121 1151 accurro,
1155 1101 1234 1143 hoc
1265 1116 1391 1143 orans
1423 1116 1520 1144 cum

122 1174 286 1224 quanta
316 1185 489 1225 possum
530 1170 668 1211 cordis
712 1170 947 1221 affectione,
981 1184 1057 1225 per
1089 1169 1335 1210 divinitatis
1368 1169 1520 1210 donari

121 1237 487 1293 propitiationem,
549 1241 601 1279 ut
652 1237 752 1279 licet
813 1238 895 1292 piae
959 1236 1235 1292 profectionis
1286 1237 1517 1286 transierit,

121 1309 269 1347 tamen
299 1305 434 1361 ipsius
459 1305 626 1362 jugiter
666 1309 917 1360 permaneat
947 1304 1184 1354 beatitudo,
1219 1304 1323 1345 dum
1355 1297 1521 1360 tempo}

121 1373 201 1413 rali
247 1373 474 1428 praesentis
518 1372 878 1428 peregrinationis
918 1371 1196 1427 prosperitati
1247 1386 1521 1427 nequaquam

122 1440 333 1482 haeremus
376 1440 616 1491 infirmiter,
663 1440 737 1481 sed
778 1454 853 1495 per
896 1439 1016 1480 illam
1059 1454 1279 1480 curramus
1321 1440 1520 1481 alacriter

122 1508 177 1549 ad
208 1511 531 1563 permanentem
562 1508 775 1549 incolatus
807 1507 962 1549 aeterni
993 1507 1256 1549 felicitatem.

181 1576 337 1618 Valeat
380 1576 625 1618 desiderata
670 1580 828 1618 vestrae
873 1575 1114 1617 dilectionis
1157 1575 1432 1617 incolumitas
1477 1575 1523 1616 in

125 1643 297 1686 Christo
329 1659 495 1700 semper
517 1648 561 1686 et
591 1644 840 1686 beatissima
873 1643 1062 1699 Virgine.

788 1799 886 1842 CH.

126 1898 424 1941 Amicis-simo
454 1897 543 1940 sibi
572 1897 629 1940 in
662 1897 839 1940 Christo
859 1896 1076 1952 mayz'stro
1116 1897 1173 1939 W.
1207 1897 1260 1939 de
1290 1896 1527 1953 Pol-relinq-

245 1971 322 2009 ton
362 1966 525 2008 Frater
570 1965 679 2008 Ada
730 1966 922 2008 salutem
968 1970 1006 2008 et
1047 1965 1298 2022 salvificam
1352 1965 1526 2008 (livina’

245 2033 528 2076 visitationis
561 2032 922 2076 consolationem.

187 2146 410 2188 Perferens
458 2146 564 2186 mihi
608 2145 832 2201 quatrinos
876 2145 1010 2186 vestri
1056 2145 1198 2200 gratia
1249 2144 1525 2186 transmissos
1543 2151 1654 2183 Letter
1669 2150 1707 2201 οξ

129 2213 173 2254 L.
246 2213 443 2269 Burgois‚
505 2228 581 2254 suo
636 2214 777 2254 relatu
842 2225 913 2254 cor
974 2212 1280 2268 compassionis
1345 2213 1525 2254 vulnere
1542 2196 1748 2272 ἓξὲδὲξᾷξὲἓ,

127 2281 349 2330 sauciavit,
390 2281 575 2336 amplius
622 2281 911 2329 molestatum,
956 2280 1071 2335 quod
1112 2295 1188 2336 per
1224 2280 1525 2322 suavissimam

127 2349 265 2390 fidelis
312 2349 513 2390 amicitiae
560 2349 849 2397 serenitatem,
893 2352 1038 2390 vestro
1091 2348 1378 2403 qualicunque
1423 2363 1527 2404 pau-

127 2417 219 2472 peri
262 2416 526 2458 valetudinis
570 2420 727 2458 vestrae
769 2416 968 2458 molestia
1011 2431 1099 2457 non
1130 2416 1334 2457 innotuit.
1400 2409 1526 2467 Quod

128 2498 226 2539 ergo
259 2484 541 2539 personaliter
571 2498 748 2539 nequeo,
780 2484 860 2525 hoc
893 2498 974 2539 ago
1003 2478 1281 2534 litteraliter3
1312 2483 1526 2531 videlicet,

127 2552 252 2607 quale
283 2552 406 2593 valeo
440 2551 660 2592 solaminis
686 2551 872 2593 officium
903 2551 1165 2593 transmitto.
1220 2540 1556 2593 Consternaret*

128 2619 335 2660 nimirum
366 2619 532 2660 animos
563 2619 798 2660 amicorum
826 2619 1033 2674 ingruens
1064 2619 1362 2674 temporaliter
1391 2617 1527 2659 tristi-

128 2686 202 2728 tiae
234 2686 421 2737 vexatio,
474 2686 510 2727 si
552 2700 640 2728 non
683 2686 937 2728 subveniret
983 2687 1338 2742 superabundans
1386 2685 1527 2739 Scrip-

635 2857 642 2876 ¹
663 2858 723 2890 See
748 2855 852 2899 Epist.
876 2850 1003 2891 XCVI.
