1905 3180
379 285 465 326 214
852 291 958 321 ADAE
991 291 1052 321 DE
1082 288 1281 322 MARIsco

376 409 618 466 principum
661 408 951 463 gubernacula
992 406 1311 463 perturbantur,
1366 407 1622 462 populorum
1670 407 1785 448 salus

377 477 646 518 subvertitur
668 479 712 517 et
733 475 1000 517 unanimitas
1022 475 1215 517 cordium
1248 475 1473 525 laceratur,
1497 475 1785 516 amicitiarum

377 546 539 586 foedera
570 544 877 600 dirumpuntur
909 548 953 586 et
1000 543 1195 585 odiorum
1228 543 1369 584 rabies
1400 542 1708 594 inflammatur,
1743 546 1787 585 et

377 613 601 654 hominum
649 613 828 654 societas
876 612 1119 668 dissipatur,
1169 611 1386 653 virtutum
1439 611 1664 668 disciplina
1715 612 1786 653 de-

377 682 571 732 struitur,
620 680 828 722 vitiorum
873 680 1103 721 insolentia
1140 680 1397 729 defensatur,
1431 679 1599 735 jurium
1642 679 1786 722 mode-

378 749 546 790 ramina-
577 752 896 804 pervertuntur,
939 748 1203 803 judiciorum
1249 747 1464 789 rectitudo
1509 748 1784 804 depravatur,

380 818 733 858 doeumentcmnn
755 817 915 858 veritas
938 817 1248 858 obtenebratur
1270 819 1314 857 et
1346 816 1643 858 innocentium
1665 831 1786 857 man-

379 884 561 926 suetudo
599 888 796 937 vexatur,
841 885 1149 926 crudelitatum
1190 883 1411 926 violentiae
1456 884 1783 933 debacchantur,

377 952 595 993 fraudium
628 953 896 1008 deceptiones
928 956 1214 1008 procurantur
1246 955 1289 993 et
1331 952 1589 1007 injuriarum
1621 952 1786 994 violen-

378 1022 451 1063 tize
484 1025 749 1073 exercentur,
782 1021 993 1063 haeresum
1023 1021 1245 1062 scissiones
1278 1024 1614 1077 praesumuntur,
1657 1020 1786 1062 schis-

378 1094 545 1131 matum
593 1088 845 1130 rebelliones
892 1090 1165 1130 extolluntur
1216 1093 1260 1130 et
1303 1089 1565 1130 seditionum
1609 1088 1788 1130 discidia

379 1158 659 1206 concitantur,
695 1157 989 1212 perditionum
1034 1157 1258 1198 molimina
1302 1157 1575 1205 suscitantur,
1620 1156 1787 1197 hostili-

380 1228 522 1266 tatum
545 1225 900 1281 depopulationes
923 1226 1166 1267 efferantur.
1223 1225 1282 1266 Et
1303 1225 1407 1280 quid
1429 1225 1585 1281 plura?
1639 1223 1706 1266 Ut
1728 1223 1787 1265 sit

381 1293 436 1333 ad
468 1308 604 1334 unum
642 1293 790 1341 dicere,
822 1293 1167 1335 horrendissimze
1202 1293 1433 1335 vastitates
1467 1296 1784 1335 tormentorum

381 1360 659 1401 infernalium
691 1361 818 1402 rebus
851 1361 1050 1402 omnibus
1074 1361 1336 1403 inferuntur.

443 1429 671 1484 Numquid
703 1444 792 1471 non
824 1429 1019 1485 pessimis
1055 1429 1205 1470 diebus
1241 1429 1506 1471 instantium
1537 1433 1785 1486 temporum

383 1510 461 1538 sua
492 1496 706 1538 sufficeret
737 1498 916 1547 malitia,
950 1498 1044 1545 nisi,
1076 1498 1185 1554 proh
1212 1498 1362 1539 dolor!
1406 1498 1649 1540 maledictis
1686 1512 1786 1539 con-

383 1565 630 1606 tentionum
665 1566 973 1615 deliramentis,
1007 1569 1174 1608 mentes
1206 1566 1252 1606 in
1284 1569 1561 1607 mansuetum
1578 1567 1787 1608 claustra-

384 1633 437 1674 lis
478 1634 819 1675 conversationis
851 1634 1117 1690 tyrocinium
1150 1634 1388 1690 conjuratae
1430 1635 1595 1676 ruentis
1626 1634 1787 1676 mentis

384 1701 499 1742 mala
530 1701 834 1743 cumularent?
896 1702 1059 1744 Annon
1091 1703 1166 1757 qui
1208 1717 1326 1744 nunc
1361 1703 1505 1744 dictus
1537 1706 1602 1744 est
1644 1703 1783 1752 draco,

383 1769 586 1811 videlicet
629 1784 776 1811 sensus
818 1770 953 1825 ipsius
998 1770 1215 1812 saecularis
1262 1771 1451 1819 astutiae,
1499 1785 1673 1827 serpens
1713 1771 1786 1813 ille

382 1841 457 1885 est,
483 1839 557 1893 qui
589 1853 665 1893 per
693 1839 920 1893 antiquam
953 1839 1122 1880 callida}
1156 1839 1509 1895 praesumptionis
1538 1839 1782 1895 perniciem,

382 1907 629 1962 paradisum
672 1906 765 1955 Dei,
800 1906 880 1948 hoc
913 1910 988 1957 est,
1024 1906 1222 1948 divinam
1262 1908 1475 1963 religiosae
1507 1908 1786 1964 professionis

383 1974 710 2029 plantationem,
749 1974 863 2030 apud
898 1990 1027 2030 quam
1060 1975 1273 2017 exuberat
1314 1975 1497 2017 fontana
1528 1978 1784 2032 perennium

384 2042 633 2083 deliciarum
656 2041 892 2094 affluentia,
917 2047 960 2084 et
997 2043 1185 2099 irrepere
1218 2058 1306 2085 non
1328 2044 1549 2097 formidat,
1571 2047 1615 2086 et
1649 2044 1785 2086 homi-

383 2111 512 2151 nibus
545 2110 669 2152 sactis
700 2111 755 2151 ad
788 2111 1021 2166 imaginem
1057 2111 1140 2153 Dei
1178 2127 1254 2168 per
1286 2112 1574 2154 imitatoriam
1619 2112 1785 2154 valida-

384 2194 480 2220 rum
502 2180 719 2221 virtutum
746 2180 1053 2234 operationem,
1076 2180 1332 2236 resectisque
1366 2181 1422 2221 ad
1456 2180 1785 2222 similitudinem

386 2247 528 2303 Ipsius
588 2262 664 2302 per
711 2248 977 2289 Deiformem
996 2247 1007 2269 ¹
1066 2248 1345 2304 limpidarum
1397 2249 1634 2290 veritatum
1689 2264 1786 2291 con-

385 2315 725 2371 templationem,
769 2331 818 2357 ac
858 2315 1057 2371 perfectis
1106 2315 1152 2357 in
1195 2317 1385 2358 animam
1427 2317 1666 2368 viventem,
1704 2317 1784 2359 hoc

385 2388 461 2433 cst,
498 2384 691 2424 animum
723 2383 834 2424 felici
865 2383 1072 2427 fruitione
1097 2384 1434 2439 jucunditatem,
1460 2384 1541 2425 sub
1572 2385 1668 2426 fuco
1694 2384 1786 2440 jus*

386 2456 445 2493 tae
498 2451 752 2501 sedulitatis,
799 2452 1040 2493 execranda
1080 2467 1252 2494 venena
1295 2452 1531 2494 mortiferae
1574 2450 1785 2494 suasionis

388 2519 591 2565 infundit,
636 2522 681 2560 et
732 2534 947 2575 pugnaces
999 2520 1282 2576 reprobandae
1343 2519 1603 2576 litigationis
1653 2520 1784 2570 rixas,

389 2587 639 2628 celebritate
684 2601 772 2627 non
803 2591 894 2628 tam
937 2586 1136 2629 deflenda
1177 2603 1308 2644 quam
1339 2588 1587 2640 deridenda,
1619 2592 1785 2644 proter-

386 2655 502 2695 viter
524 2654 684 2709 ingerit
715 2654 795 2694 sub
827 2654 1013 2697 obtentu
1044 2656 1209 2704 salutis,
1242 2657 1427 2697 luxuum
1459 2655 1785 2711 inquinationes

385 2722 464 2763 sub
525 2725 745 2777 praetextu
795 2723 982 2778 pietatis,
1028 2727 1275 2779 quaestuum
1326 2724 1651 2779 inquietudines
1701 2724 1782 2766 sub

1041 2899 1125 2932 ¹Sie.
