<?xml version="1.0" encoding="UTF-8"?>
<!DOCTYPE html PUBLIC "-//W3C//DTD XHTML 1.0 Transitional//EN"
    "http://www.w3.org/TR/xhtml1/DTD/xhtml1-transitional.dtd">
<html xmlns="http://www.w3.org/1999/xhtml" xml:lang="en" lang="en">
 <head>
  <title>
</title>
<meta http-equiv="Content-Type" content="text/html;charset=utf-8" />
  <meta name='ocr-system' content='tesseract 3.04.00' />
  <meta name='ocr-capabilities' content='ocr_page ocr_carea ocr_par ocr_line ocrx_word'/>
</head>
<body>
  <div class='ocr_page' id='page_1' title='image "./monumentafrancis01thom_0266.png"; bbox 0 0 1905 3180; ppageno 0'>
   <div class='ocr_carea' id='block_1_1' title="bbox 402 232 1309 270">
    <p class='ocr_par' dir='ltr' id='par_1_1' title="bbox 402 232 1309 270">
     <span class='ocr_line' id='line_1_1' title="bbox 402 232 1309 270; baseline 0.001 -1"><span class='ocrx_word' id='word_1_1' title='bbox 402 232 484 269; x_wconf 75' lang='lat' dir='ltr'>los</span> <span class='ocrx_word' id='word_1_2' title='bbox 885 238 990 269; x_wconf 82' lang='lat' dir='ltr'>ADAE</span> <span class='ocrx_word' id='word_1_3' title='bbox 1023 238 1083 269; x_wconf 87' lang='lat' dir='ltr'>DE</span> <span class='ocrx_word' id='word_1_4' title='bbox 1113 238 1309 270; x_wconf 83' lang='lat' dir='ltr'>MARIsco</span> 
     </span>
    </p>
   </div>
   <div class='ocr_carea' id='block_1_2' title="bbox 394 354 1799 886">
    <p class='ocr_par' dir='ltr' id='par_1_2' title="bbox 394 354 1799 886">
     <span class='ocr_line' id='line_1_2' title="bbox 457 354 1796 410; baseline -0.001 -14"><span class='ocrx_word' id='word_1_5' title='bbox 457 355 746 396; x_wconf 84' lang='lat' dir='ltr'>Conservetur</span> <span class='ocrx_word' id='word_1_6' title='bbox 797 354 972 410; x_wconf 84' lang='lat' dir='ltr'>pietatis</span> <span class='ocrx_word' id='word_1_7' title='bbox 1024 357 1181 396; x_wconf 84' lang='lat' dir='ltr'>vestrae</span> <span class='ocrx_word' id='word_1_8' title='bbox 1242 354 1470 397; x_wconf 85' lang='lat' dir='ltr'>beatitudo</span> <span class='ocrx_word' id='word_1_9' title='bbox 1522 354 1570 395; x_wconf 91' lang='lat' dir='ltr'>in</span> <span class='ocrx_word' id='word_1_10' title='bbox 1623 354 1796 396; x_wconf 86' lang='lat' dir='ltr'>Christo</span> 
     </span>
     <span class='ocr_line' id='line_1_3' title="bbox 395 421 1799 478; baseline -0.001 -14"><span class='ocrx_word' id='word_1_11' title='bbox 395 424 424 464; x_wconf 79' lang='lat' dir='ltr'>J</span> <span class='ocrx_word' id='word_1_12' title='bbox 429 438 503 464; x_wconf 86' lang='lat' dir='ltr'>esu</span> <span class='ocrx_word' id='word_1_13' title='bbox 539 436 707 478; x_wconf 79' lang='lat' dir='ltr'>semper</span> <span class='ocrx_word' id='word_1_14' title='bbox 750 426 795 464; x_wconf 86' lang='lat' dir='ltr'>et</span> <span class='ocrx_word' id='word_1_15' title='bbox 837 422 1088 464; x_wconf 85' lang='lat' dir='ltr'>beatissima</span> <span class='ocrx_word' id='word_1_16' title='bbox 1122 421 1313 477; x_wconf 82' lang='lat' dir='ltr'>Virgine.</span> <span class='ocrx_word' id='word_1_17' title='bbox 1382 422 1484 463; x_wconf 77' lang='lat' dir='ltr'>Misi</span> <span class='ocrx_word' id='word_1_18' title='bbox 1521 422 1645 464; x_wconf 83' lang='lat' dir='ltr'>vobis</span> <span class='ocrx_word' id='word_1_19' title='bbox 1679 422 1799 463; x_wconf 91' lang='lat' dir='ltr'>litte-</span> 
     </span>
     <span class='ocr_line' id='line_1_4' title="bbox 395 489 1799 546; baseline -0.001 -15"><span class='ocrx_word' id='word_1_20' title='bbox 395 506 486 531; x_wconf 85' lang='lat' dir='ltr'>ram</span> <span class='ocrx_word' id='word_1_21' title='bbox 528 505 604 546; x_wconf 88' lang='lat' dir='ltr'>per</span> <span class='ocrx_word' id='word_1_22' title='bbox 645 505 824 531; x_wconf 86' lang='lat' dir='ltr'>manum</span> <span class='ocrx_word' id='word_1_23' title='bbox 870 490 1069 545; x_wconf 87' lang='lat' dir='ltr'>magistri</span> <span class='ocrx_word' id='word_1_24' title='bbox 1117 489 1343 531; x_wconf 76' lang='lat' dir='ltr'>VVillielmi</span> <span class='ocrx_word' id='word_1_25' title='bbox 1386 490 1610 546; x_wconf 88' lang='lat' dir='ltr'>cujusdam</span> <span class='ocrx_word' id='word_1_26' title='bbox 1656 489 1799 531; x_wconf 87' lang='lat' dir='ltr'>clerici</span> 
     </span>
     <span class='ocr_line' id='line_1_5' title="bbox 396 556 1794 600; baseline -0.001 -1"><span class='ocrx_word' id='word_1_27' title='bbox 396 559 561 599; x_wconf 90' lang='lat' dir='ltr'>domini</span> <span class='ocrx_word' id='word_1_28' title='bbox 611 558 861 600; x_wconf 80' lang='lat' dir='ltr'>Cantuariae</span> <span class='ocrx_word' id='word_1_29' title='bbox 906 558 952 599; x_wconf 92' lang='lat' dir='ltr'>in</span> <span class='ocrx_word' id='word_1_30' title='bbox 995 557 1268 599; x_wconf 77' lang='lat' dir='ltr'>dedicatione</span> <span class='ocrx_word' id='word_1_31' title='bbox 1301 558 1487 600; x_wconf 78' lang='lat' dir='ltr'>ecclesiae</span> <span class='ocrx_word' id='word_1_32' title='bbox 1534 558 1587 599; x_wconf 91' lang='lat' dir='ltr'>de</span> <span class='ocrx_word' id='word_1_33' title='bbox 1629 556 1794 598; x_wconf 87' lang='lat' dir='ltr'>Halesl</span> 
     </span>
     <span class='ocr_line' id='line_1_6' title="bbox 395 625 1799 682; baseline 0 -15"><span class='ocrx_word' id='word_1_34' title='bbox 395 627 711 682; x_wconf 75' lang='lat' dir='ltr'>porrigendam,</span> <span class='ocrx_word' id='word_1_35' title='bbox 758 626 811 668; x_wconf 88' lang='lat' dir='ltr'>de</span> <span class='ocrx_word' id='word_1_36' title='bbox 853 641 938 681; x_wconf 86' lang='lat' dir='ltr'>quo</span> <span class='ocrx_word' id='word_1_37' title='bbox 981 626 1087 667; x_wconf 89' lang='lat' dir='ltr'>scire</span> <span class='ocrx_word' id='word_1_38' title='bbox 1121 625 1278 667; x_wconf 88' lang='lat' dir='ltr'>vellem</span> <span class='ocrx_word' id='word_1_39' title='bbox 1311 630 1460 667; x_wconf 87' lang='lat' dir='ltr'>utrum</span> <span class='ocrx_word' id='word_1_40' title='bbox 1495 641 1589 667; x_wconf 84' lang='lat' dir='ltr'>eam</span> <span class='ocrx_word' id='word_1_41' title='bbox 1633 640 1799 682; x_wconf 83' lang='lat' dir='ltr'>recepe—</span> 
     </span>
     <span class='ocr_line' id='line_1_7' title="bbox 394 693 1799 750; baseline -0.001 -16"><span class='ocrx_word' id='word_1_42' title='bbox 394 694 503 736; x_wconf 79' lang='lat' dir='ltr'>ritis.</span> <span class='ocrx_word' id='word_1_43' title='bbox 572 695 838 736; x_wconf 82' lang='lat' dir='ltr'>Litterarum</span> <span class='ocrx_word' id='word_1_44' title='bbox 870 695 1133 750; x_wconf 79' lang='lat' dir='ltr'>transcripta</span> <span class='ocrx_word' id='word_1_45' title='bbox 1168 694 1281 749; x_wconf 81' lang='lat' dir='ltr'>regis</span> <span class='ocrx_word' id='word_1_46' title='bbox 1317 693 1512 736; x_wconf 78' lang='lat' dir='ltr'>Franciae</span> <span class='ocrx_word' id='word_1_47' title='bbox 1555 697 1599 736; x_wconf 87' lang='lat' dir='ltr'>et</span> <span class='ocrx_word' id='word_1_48' title='bbox 1633 694 1799 735; x_wconf 89' lang='lat' dir='ltr'>domini</span> 
     </span>
     <span class='ocr_line' id='line_1_8' title="bbox 395 761 1798 818; baseline 0 -16"><span class='ocrx_word' id='word_1_49' title='bbox 395 762 756 803; x_wconf 85' lang='lat' dir='ltr'>Thusculanensis</span> <span class='ocrx_word' id='word_1_50' title='bbox 800 777 927 818; x_wconf 88' lang='lat' dir='ltr'>super</span> <span class='ocrx_word' id='word_1_51' title='bbox 973 762 1142 804; x_wconf 82' lang='lat' dir='ltr'>excidio</span> <span class='ocrx_word' id='word_1_52' title='bbox 1180 762 1366 817; x_wconf 84' lang='lat' dir='ltr'>AEgypti</span> <span class='ocrx_word' id='word_1_53' title='bbox 1408 766 1453 804; x_wconf 90' lang='lat' dir='ltr'>et</span> <span class='ocrx_word' id='word_1_54' title='bbox 1488 765 1610 804; x_wconf 86' lang='lat' dir='ltr'>statu</span> <span class='ocrx_word' id='word_1_55' title='bbox 1655 761 1798 803; x_wconf 82' lang='lat' dir='ltr'>Terrae</span> 
     </span>
     <span class='ocr_line' id='line_1_9' title="bbox 396 830 1376 886; baseline 0.001 -16"><span class='ocrx_word' id='word_1_56' title='bbox 396 830 568 872; x_wconf 69' lang='lat' dir='ltr'>Sanctae</span> <span class='ocrx_word' id='word_1_57' title='bbox 600 830 712 872; x_wconf 87' lang='lat' dir='ltr'>sicut</span> <span class='ocrx_word' id='word_1_58' title='bbox 743 831 850 872; x_wconf 82' lang='lat' dir='ltr'>alias</span> <span class='ocrx_word' id='word_1_59' title='bbox 882 830 1032 886; x_wconf 80' lang='lat' dir='ltr'>petivi,</span> <span class='ocrx_word' id='word_1_60' title='bbox 1066 834 1168 886; x_wconf 89' lang='lat' dir='ltr'>peto</span> <span class='ocrx_word' id='word_1_61' title='bbox 1200 830 1376 871; x_wconf 86' lang='lat' dir='ltr'>remitti.</span> 
     </span>
    </p>
   </div>
   <div class='ocr_carea' id='block_1_3' title="bbox 1009 1056 1184 1098">
    <p class='ocr_par' dir='ltr' id='par_1_3' title="bbox 1009 1056 1184 1098">
     <span class='ocr_line' id='line_1_10' title="bbox 1009 1056 1184 1098; baseline 0 -1"><span class='ocrx_word' id='word_1_62' title='bbox 1009 1056 1184 1098; x_wconf 92' lang='lat' dir='ltr'>XXIII.</span> 
     </span>
    </p>
   </div>
   <div class='ocr_carea' id='block_1_4' title="bbox 684 1165 1516 1209">
    <p class='ocr_par' dir='ltr' id='par_1_4' title="bbox 684 1165 1516 1209">
     <span class='ocr_line' id='line_1_11' title="bbox 684 1165 1516 1209; baseline 0 -2"><span class='ocrx_word' id='word_1_63' title='bbox 684 1165 884 1208; x_wconf 75' lang='lat' dir='ltr'>Domino</span> <span class='ocrx_word' id='word_1_64' title='bbox 916 1165 1174 1209; x_wconf 72' lang='lat' dir='ltr'>Lincolm&#39;oe</span> <span class='ocrx_word' id='word_1_65' title='bbox 1204 1166 1368 1208; x_wconf 67' lang='lat' dir='ltr'>Frater</span> <span class='ocrx_word' id='word_1_66' title='bbox 1397 1165 1516 1208; x_wconf 70' lang='lat' dir='ltr'>Ada.</span> 
     </span>
    </p>
   </div>
   <div class='ocr_carea' id='block_1_5' title="bbox 174 1275 1802 2758">
    <p class='ocr_par' dir='ltr' id='par_1_5' title="bbox 174 1275 1802 2758">
     <span class='ocr_line' id='line_1_12' title="bbox 174 1275 1799 1332; baseline 0 -16"><span class='ocrx_word' id='word_1_67' title='bbox 174 1295 296 1326; x_wconf 76' lang='lat' dir='ltr'>warns</span> <span class='ocrx_word' id='word_1_68' title='bbox 312 1295 381 1326; x_wconf 87' lang='lat' dir='ltr'>him</span> <span class='ocrx_word' id='word_1_69' title='bbox 461 1275 727 1332; x_wconf 79' lang='lat' dir='ltr'>Suggestum</span> <span class='ocrx_word' id='word_1_70' title='bbox 780 1280 845 1318; x_wconf 89' lang='lat' dir='ltr'>est</span> <span class='ocrx_word' id='word_1_71' title='bbox 895 1276 1004 1317; x_wconf 87' lang='lat' dir='ltr'>mihi</span> <span class='ocrx_word' id='word_1_72' title='bbox 1049 1279 1151 1318; x_wconf 83' lang='lat' dir='ltr'>ante</span> <span class='ocrx_word' id='word_1_73' title='bbox 1196 1277 1288 1318; x_wconf 87' lang='lat' dir='ltr'>dies</span> <span class='ocrx_word' id='word_1_74' title='bbox 1320 1277 1489 1332; x_wconf 83' lang='lat' dir='ltr'>aliquot</span> <span class='ocrx_word' id='word_1_75' title='bbox 1530 1276 1584 1317; x_wconf 88' lang='lat' dir='ltr'>de</span> <span class='ocrx_word' id='word_1_76' title='bbox 1615 1275 1799 1331; x_wconf 81' lang='lat' dir='ltr'>presby-</span> 
     </span>
     <span class='ocr_line' id='line_1_13' title="bbox 175 1340 1800 1400; baseline -0.001 -16"><span class='ocrx_word' id='word_1_77' title='bbox 175 1340 337 1400; x_wconf 49' lang='lat' dir='ltr'>againsta</span> <span class='ocrx_word' id='word_1_78' title='bbox 400 1346 492 1384; x_wconf 86' lang='lat' dir='ltr'>tero</span> <span class='ocrx_word' id='word_1_79' title='bbox 540 1343 665 1385; x_wconf 79' lang='lat' dir='ltr'>vobis</span> <span class='ocrx_word' id='word_1_80' title='bbox 711 1347 974 1399; x_wconf 73' lang='lat' dir='ltr'>pi‘aesentato</span> <span class='ocrx_word' id='word_1_81' title='bbox 1011 1359 1086 1400; x_wconf 87' lang='lat' dir='ltr'>per</span> <span class='ocrx_word' id='word_1_82' title='bbox 1134 1345 1400 1387; x_wconf 69' lang='lat' dir='ltr'>abbatissam</span> <span class='ocrx_word' id='word_1_83' title='bbox 1452 1348 1497 1387; x_wconf 84' lang='lat' dir='ltr'>et</span> <span class='ocrx_word' id='word_1_84' title='bbox 1539 1346 1800 1386; x_wconf 85' lang='lat' dir='ltr'>conventum</span> 
     </span>
     <span class='ocr_line' id='line_1_14' title="bbox 174 1390 1799 1467; baseline -0.001 -14"><span class='ocrx_word' id='word_1_85' title='bbox 174 1390 352 1459; x_wconf 48' lang='grc' dir='ltr'>Εἰιέ-ῖῖιίἓῗ</span> <span class='ocrx_word' id='word_1_86' title='bbox 400 1411 451 1453; x_wconf 90' lang='lat' dir='ltr'>de</span> <span class='ocrx_word' id='word_1_87' title='bbox 485 1412 743 1454; x_wconf 85' lang='lat' dir='ltr'>Godestowe</span> <span class='ocrx_word' id='word_1_88' title='bbox 779 1413 835 1454; x_wconf 88' lang='lat' dir='ltr'>ad</span> <span class='ocrx_word' id='word_1_89' title='bbox 867 1413 1070 1454; x_wconf 77' lang='lat' dir='ltr'>vicariam</span> <span class='ocrx_word' id='word_1_90' title='bbox 1120 1413 1172 1454; x_wconf 90' lang='lat' dir='ltr'>de</span> <span class='ocrx_word' id='word_1_91' title='bbox 1215 1413 1523 1464; x_wconf 59' lang='lat' dir='ltr'>Bhkkesham,</span> <span class='ocrx_word' id='word_1_92' title='bbox 1561 1411 1678 1467; x_wconf 87' lang='lat' dir='ltr'>quod</span> <span class='ocrx_word' id='word_1_93' title='bbox 1708 1411 1799 1466; x_wconf 89' lang='lat' dir='ltr'>ipse</span> 
     </span>
     <span class='ocr_line' id='line_1_15' title="bbox 174 1471 1798 1548; baseline 0 -29"><span class='ocrx_word' id='word_1_94' title='bbox 174 1471 314 1548; x_wconf 40' lang='lat' dir='ltr'>fficn‘zfgi·</span> <span class='ocrx_word' id='word_1_95' title='bbox 398 1479 577 1521; x_wconf 88' lang='lat' dir='ltr'>idoneus</span> <span class='ocrx_word' id='word_1_96' title='bbox 615 1484 727 1522; x_wconf 87' lang='lat' dir='ltr'>esset</span> <span class='ocrx_word' id='word_1_97' title='bbox 761 1481 816 1522; x_wconf 85' lang='lat' dir='ltr'>ad</span> <span class='ocrx_word' id='word_1_98' title='bbox 860 1481 1051 1536; x_wconf 88' lang='lat' dir='ltr'>regimen</span> <span class='ocrx_word' id='word_1_99' title='bbox 1098 1481 1343 1522; x_wconf 83' lang='lat' dir='ltr'>animarum</span> <span class='ocrx_word' id='word_1_100' title='bbox 1385 1480 1431 1521; x_wconf 91' lang='lat' dir='ltr'>in</span> <span class='ocrx_word' id='word_1_101' title='bbox 1467 1480 1617 1521; x_wconf 80' lang='lat' dir='ltr'>eodeni</span> <span class='ocrx_word' id='word_1_102' title='bbox 1649 1479 1798 1527; x_wconf 85' lang='lat' dir='ltr'>officio,</span> 
     </span>
     <span class='ocr_line' id='line_1_16' title="bbox 399 1547 1800 1604; baseline 0 -16"><span class='ocrx_word' id='word_1_103' title='bbox 399 1548 472 1602; x_wconf 81' lang='lat' dir='ltr'>qui</span> <span class='ocrx_word' id='word_1_104' title='bbox 536 1547 865 1603; x_wconf 82' lang='lat' dir='ltr'>inquisitionem</span> <span class='ocrx_word' id='word_1_105' title='bbox 922 1549 1081 1590; x_wconf 75' lang='lat' dir='ltr'>factam</span> <span class='ocrx_word' id='word_1_106' title='bbox 1146 1563 1274 1604; x_wconf 89' lang='lat' dir='ltr'>super</span> <span class='ocrx_word' id='word_1_107' title='bbox 1325 1548 1659 1604; x_wconf 76' lang='lat' dir='ltr'>praesentatione</span> <span class='ocrx_word' id='word_1_108' title='bbox 1721 1562 1800 1588; x_wconf 82' lang='lat' dir='ltr'>sua</span> 
     </span>
     <span class='ocr_line' id='line_1_17' title="bbox 396 1615 1801 1672; baseline 0 -17"><span class='ocrx_word' id='word_1_109' title='bbox 396 1615 654 1670; x_wconf 70' lang='lat' dir='ltr'>paternitati</span> <span class='ocrx_word' id='word_1_110' title='bbox 687 1620 842 1658; x_wconf 75' lang='lat' dir='ltr'>vestrae</span> <span class='ocrx_word' id='word_1_111' title='bbox 877 1616 1178 1672; x_wconf 75' lang='lat' dir='ltr'>Bannebyriae,</span> <span class='ocrx_word' id='word_1_112' title='bbox 1212 1616 1289 1658; x_wconf 89' lang='lat' dir='ltr'>ubi</span> <span class='ocrx_word' id='word_1_113' title='bbox 1327 1620 1371 1658; x_wconf 90' lang='lat' dir='ltr'>et</span> <span class='ocrx_word' id='word_1_114' title='bbox 1406 1631 1483 1672; x_wconf 81' lang='lat' dir='ltr'>ego</span> <span class='ocrx_word' id='word_1_115' title='bbox 1515 1615 1801 1672; x_wconf 83' lang='lat' dir='ltr'>personaliter</span> 
     </span>
     <span class='ocr_line' id='line_1_18' title="bbox 396 1683 1800 1740; baseline 0 -16"><span class='ocrx_word' id='word_1_116' title='bbox 396 1683 514 1734; x_wconf 80' lang='lat' dir='ltr'>affui,</span> <span class='ocrx_word' id='word_1_117' title='bbox 548 1684 754 1738; x_wconf 76' lang='lat' dir='ltr'>porrexit,</span> <span class='ocrx_word' id='word_1_118' title='bbox 789 1698 920 1740; x_wconf 83' lang='lat' dir='ltr'>quam</span> <span class='ocrx_word' id='word_1_119' title='bbox 962 1685 1106 1725; x_wconf 86' lang='lat' dir='ltr'>minus</span> <span class='ocrx_word' id='word_1_120' title='bbox 1148 1684 1232 1726; x_wconf 90' lang='lat' dir='ltr'>rite</span> <span class='ocrx_word' id='word_1_121' title='bbox 1274 1687 1494 1740; x_wconf 79' lang='lat' dir='ltr'>peractam</span> <span class='ocrx_word' id='word_1_122' title='bbox 1531 1698 1609 1725; x_wconf 74' lang='lat' dir='ltr'>vos</span> <span class='ocrx_word' id='word_1_123' title='bbox 1641 1683 1800 1724; x_wconf 82' lang='lat' dir='ltr'>iterato</span> 
     </span>
     <span class='ocr_line' id='line_1_19' title="bbox 396 1751 1801 1807; baseline 0.001 -16"><span class='ocrx_word' id='word_1_124' title='bbox 396 1751 638 1792; x_wconf 85' lang='lat' dir='ltr'>faciendam</span> <span class='ocrx_word' id='word_1_125' title='bbox 671 1752 975 1793; x_wconf 78' lang='lat' dir='ltr'>demandastis.</span> <span class='ocrx_word' id='word_1_126' title='bbox 1041 1752 1172 1794; x_wconf 87' lang='lat' dir='ltr'>Unde</span> <span class='ocrx_word' id='word_1_127' title='bbox 1201 1767 1289 1793; x_wconf 91' lang='lat' dir='ltr'>non</span> <span class='ocrx_word' id='word_1_128' title='bbox 1322 1752 1597 1793; x_wconf 87' lang='lat' dir='ltr'>mediocriter</span> <span class='ocrx_word' id='word_1_129' title='bbox 1625 1751 1801 1807; x_wconf 74' lang='lat' dir='ltr'>gavisus</span> 
     </span>
     <span class='ocr_line' id='line_1_20' title="bbox 396 1818 1800 1876; baseline -0.001 -16"><span class='ocrx_word' id='word_1_130' title='bbox 396 1833 501 1868; x_wconf 84' lang='lat' dir='ltr'>sum,</span> <span class='ocrx_word' id='word_1_131' title='bbox 555 1834 651 1861; x_wconf 88' lang='lat' dir='ltr'>cum</span> <span class='ocrx_word' id='word_1_132' title='bbox 710 1819 818 1861; x_wconf 87' lang='lat' dir='ltr'>mihi</span> <span class='ocrx_word' id='word_1_133' title='bbox 879 1819 1126 1876; x_wconf 83' lang='lat' dir='ltr'>nuperrime</span> <span class='ocrx_word' id='word_1_134' title='bbox 1187 1835 1263 1876; x_wconf 89' lang='lat' dir='ltr'>per</span> <span class='ocrx_word' id='word_1_135' title='bbox 1312 1835 1446 1876; x_wconf 74' lang='lat' dir='ltr'>grave</span> <span class='ocrx_word' id='word_1_136' title='bbox 1498 1818 1800 1861; x_wconf 87' lang='lat' dir='ltr'>testimonium</span> 
     </span>
     <span class='ocr_line' id='line_1_21' title="bbox 395 1886 1801 1944; baseline 0.001 -17"><span class='ocrx_word' id='word_1_137' title='bbox 395 1886 527 1928; x_wconf 84' lang='lat' dir='ltr'>suerit</span> <span class='ocrx_word' id='word_1_138' title='bbox 578 1887 862 1940; x_wconf 85' lang='lat' dir='ltr'>insinuatum,</span> <span class='ocrx_word' id='word_1_139' title='bbox 924 1888 1211 1930; x_wconf 85' lang='lat' dir='ltr'>memoratum</span> <span class='ocrx_word' id='word_1_140' title='bbox 1263 1888 1564 1944; x_wconf 75' lang='lat' dir='ltr'>presbyterum</span> <span class='ocrx_word' id='word_1_141' title='bbox 1615 1887 1663 1929; x_wconf 90' lang='lat' dir='ltr'>in</span> <span class='ocrx_word' id='word_1_142' title='bbox 1716 1886 1801 1928; x_wconf 91' lang='lat' dir='ltr'>Dei</span> 
     </span>
     <span class='ocr_line' id='line_1_22' title="bbox 397 1955 1800 2012; baseline 0 -16"><span class='ocrx_word' id='word_1_143' title='bbox 397 1956 604 1997; x_wconf 86' lang='lat' dir='ltr'>offensam</span> <span class='ocrx_word' id='word_1_144' title='bbox 641 1959 686 1997; x_wconf 89' lang='lat' dir='ltr'>et</span> <span class='ocrx_word' id='word_1_145' title='bbox 719 1956 972 1998; x_wconf 86' lang='lat' dir='ltr'>scandalum</span> <span class='ocrx_word' id='word_1_146' title='bbox 1014 1955 1175 2012; x_wconf 85' lang='lat' dir='ltr'>populi,</span> <span class='ocrx_word' id='word_1_147' title='bbox 1217 1956 1551 1998; x_wconf 88' lang='lat' dir='ltr'>contubernium</span> <span class='ocrx_word' id='word_1_148' title='bbox 1597 1955 1800 1998; x_wconf 82' lang='lat' dir='ltr'>illicitum</span> 
     </span>
     <span class='ocr_line' id='line_1_23' title="bbox 396 2023 1802 2080; baseline 0.001 -17"><span class='ocrx_word' id='word_1_149' title='bbox 396 2023 692 2078; x_wconf 80' lang='lat' dir='ltr'>frequentasse</span> <span class='ocrx_word' id='word_1_150' title='bbox 735 2024 928 2066; x_wconf 88' lang='lat' dir='ltr'>mulieris</span> <span class='ocrx_word' id='word_1_151' title='bbox 972 2024 1207 2080; x_wconf 85' lang='lat' dir='ltr'>cujusdam,</span> <span class='ocrx_word' id='word_1_152' title='bbox 1254 2023 1307 2066; x_wconf 88' lang='lat' dir='ltr'>de</span> <span class='ocrx_word' id='word_1_153' title='bbox 1353 2040 1439 2080; x_wconf 84' lang='lat' dir='ltr'>qua</span> <span class='ocrx_word' id='word_1_154' title='bbox 1481 2024 1644 2080; x_wconf 89' lang='lat' dir='ltr'>prolem</span> <span class='ocrx_word' id='word_1_155' title='bbox 1690 2023 1802 2065; x_wconf 86' lang='lat' dir='ltr'>sicut</span> 
     </span>
     <span class='ocr_line' id='line_1_24' title="bbox 398 2090 1801 2148; baseline 0.001 -17"><span class='ocrx_word' id='word_1_156' title='bbox 398 2090 597 2132; x_wconf 80' lang='lat' dir='ltr'>intellexi</span> <span class='ocrx_word' id='word_1_157' title='bbox 647 2092 879 2133; x_wconf 86' lang='lat' dir='ltr'>secundam</span> <span class='ocrx_word' id='word_1_158' title='bbox 941 2091 1214 2148; x_wconf 79' lang='lat' dir='ltr'>cognoscitur</span> <span class='ocrx_word' id='word_1_159' title='bbox 1265 2093 1370 2135; x_wconf 87' lang='lat' dir='ltr'>satis</span> <span class='ocrx_word' id='word_1_160' title='bbox 1426 2095 1621 2134; x_wconf 87' lang='lat' dir='ltr'>recenter</span> <span class='ocrx_word' id='word_1_161' title='bbox 1671 2091 1801 2134; x_wconf 83' lang='lat' dir='ltr'>susci-</span> 
     </span>
     <span class='ocr_line' id='line_1_25' title="bbox 399 2158 1801 2216; baseline 0.001 -17"><span class='ocrx_word' id='word_1_162' title='bbox 399 2162 522 2200; x_wconf 83' lang='lat' dir='ltr'>tasse.</span> <span class='ocrx_word' id='word_1_163' title='bbox 627 2159 755 2210; x_wconf 82' lang='lat' dir='ltr'>Quod</span> <span class='ocrx_word' id='word_1_164' title='bbox 816 2158 1190 2216; x_wconf 82' lang='lat' dir='ltr'>circumspectioni</span> <span class='ocrx_word' id='word_1_165' title='bbox 1250 2164 1407 2202; x_wconf 67' lang='lat' dir='ltr'>vestrae</span> <span class='ocrx_word' id='word_1_166' title='bbox 1469 2159 1651 2201; x_wconf 87' lang='lat' dir='ltr'>scribere</span> <span class='ocrx_word' id='word_1_167' title='bbox 1713 2173 1801 2200; x_wconf 87' lang='lat' dir='ltr'>non</span> 
     </span>
     <span class='ocr_line' id='line_1_26' title="bbox 400 2223 1800 2284; baseline 0.001 -18"><span class='ocrx_word' id='word_1_168' title='bbox 400 2223 587 2281; x_wconf 78' lang='lat' dir='ltr'>pigebat,</span> <span class='ocrx_word' id='word_1_169' title='bbox 621 2241 675 2267; x_wconf 89' lang='lat' dir='ltr'>ne</span> <span class='ocrx_word' id='word_1_170' title='bbox 719 2227 766 2268; x_wconf 91' lang='lat' dir='ltr'>in</span> <span class='ocrx_word' id='word_1_171' title='bbox 812 2243 857 2269; x_wconf 90' lang='lat' dir='ltr'>re</span> <span class='ocrx_word' id='word_1_172' title='bbox 904 2231 1032 2269; x_wconf 82' lang='lat' dir='ltr'>tanta</span> <span class='ocrx_word' id='word_1_173' title='bbox 1077 2228 1240 2270; x_wconf 82' lang='lat' dir='ltr'>veritas</span> <span class='ocrx_word' id='word_1_174' title='bbox 1272 2227 1531 2270; x_wconf 85' lang='lat' dir='ltr'>obnubilata</span> <span class='ocrx_word' id='word_1_175' title='bbox 1561 2227 1800 2284; x_wconf 89' lang='lat' dir='ltr'>periculum</span> 
     </span>
     <span class='ocr_line' id='line_1_27' title="bbox 399 2294 1802 2351; baseline 0.001 -17"><span class='ocrx_word' id='word_1_176' title='bbox 399 2294 543 2348; x_wconf 84' lang='lat' dir='ltr'>pariat</span> <span class='ocrx_word' id='word_1_177' title='bbox 588 2294 826 2335; x_wconf 84' lang='lat' dir='ltr'>anima-bus.</span> <span class='ocrx_word' id='word_1_178' title='bbox 911 2295 1182 2347; x_wconf 75' lang='lat' dir='ltr'>Qualitatem</span> <span class='ocrx_word' id='word_1_179' title='bbox 1234 2296 1518 2338; x_wconf 78' lang='lat' dir='ltr'>accusationis</span> <span class='ocrx_word' id='word_1_180' title='bbox 1570 2295 1802 2351; x_wconf 80' lang='lat' dir='ltr'>patefaciet</span> 
     </span>
     <span class='ocr_line' id='line_1_28' title="bbox 399 2360 1801 2418; baseline 0.001 -17"><span class='ocrx_word' id='word_1_181' title='bbox 399 2361 694 2416; x_wconf 80' lang='lat' dir='ltr'>inquisitionis</span> <span class='ocrx_word' id='word_1_182' title='bbox 726 2362 966 2417; x_wconf 78' lang='lat' dir='ltr'>diligentia.</span> <span class='ocrx_word' id='word_1_183' title='bbox 1038 2363 1177 2418; x_wconf 79' lang='lat' dir='ltr'>Super</span> <span class='ocrx_word' id='word_1_184' title='bbox 1212 2363 1475 2405; x_wconf 65' lang='lat' dir='ltr'>litteraturae</span> <span class='ocrx_word' id='word_1_185' title='bbox 1508 2360 1801 2418; x_wconf 83' lang='lat' dir='ltr'>competentia</span> 
     </span>
     <span class='ocr_line' id='line_1_29' title="bbox 401 2428 1800 2486; baseline 0.001 -17"><span class='ocrx_word' id='word_1_186' title='bbox 401 2432 546 2470; x_wconf 77' lang='lat' dir='ltr'>vestra</span> <span class='ocrx_word' id='word_1_187' title='bbox 592 2429 716 2471; x_wconf 89' lang='lat' dir='ltr'>vobis</span> <span class='ocrx_word' id='word_1_188' title='bbox 767 2428 988 2471; x_wconf 88' lang='lat' dir='ltr'>sufficiunt</span> <span class='ocrx_word' id='word_1_189' title='bbox 1039 2431 1350 2486; x_wconf 80' lang='lat' dir='ltr'>experimenta.</span> <span class='ocrx_word' id='word_1_190' title='bbox 1438 2431 1716 2473; x_wconf 80' lang='lat' dir='ltr'>Considerate</span> <span class='ocrx_word' id='word_1_191' title='bbox 1765 2431 1800 2471; x_wconf 86' lang='lat' dir='ltr'>si</span> 
     </span>
     <span class='ocr_line' id='line_1_30' title="bbox 399 2496 1800 2554; baseline 0.002 -18"><span class='ocrx_word' id='word_1_192' title='bbox 399 2496 541 2551; x_wconf 86' lang='lat' dir='ltr'>placet</span> <span class='ocrx_word' id='word_1_193' title='bbox 585 2511 641 2538; x_wconf 86' lang='lat' dir='ltr'>an</span> <span class='ocrx_word' id='word_1_194' title='bbox 683 2496 835 2538; x_wconf 88' lang='lat' dir='ltr'>lubrici</span> <span class='ocrx_word' id='word_1_195' title='bbox 884 2497 1100 2539; x_wconf 84' lang='lat' dir='ltr'>discursus</span> <span class='ocrx_word' id='word_1_196' title='bbox 1137 2502 1446 2554; x_wconf 85' lang='lat' dir='ltr'>argumentum</span> <span class='ocrx_word' id='word_1_197' title='bbox 1487 2498 1692 2554; x_wconf 77' lang='lat' dir='ltr'>praeferat</span> <span class='ocrx_word' id='word_1_198' title='bbox 1734 2513 1800 2540; x_wconf 87' lang='lat' dir='ltr'>oc-</span> 
     </span>
     <span class='ocr_line' id='line_1_31' title="bbox 401 2565 1800 2621; baseline 0.001 -16"><span class='ocrx_word' id='word_1_199' title='bbox 401 2578 549 2605; x_wconf 88' lang='lat' dir='ltr'>cursus</span> <span class='ocrx_word' id='word_1_200' title='bbox 592 2565 727 2606; x_wconf 82' lang='lat' dir='ltr'>faciei.</span> <span class='ocrx_word' id='word_1_201' title='bbox 805 2565 1026 2621; x_wconf 81' lang='lat' dir='ltr'>Protegat,</span> <span class='ocrx_word' id='word_1_202' title='bbox 1075 2566 1248 2620; x_wconf 76' lang='lat' dir='ltr'>dirigat,</span> <span class='ocrx_word' id='word_1_203' title='bbox 1302 2570 1345 2608; x_wconf 90' lang='lat' dir='ltr'>et</span> <span class='ocrx_word' id='word_1_204' title='bbox 1387 2566 1596 2607; x_wconf 84' lang='lat' dir='ltr'>salvificet</span> <span class='ocrx_word' id='word_1_205' title='bbox 1642 2569 1800 2608; x_wconf 75' lang='lat' dir='ltr'>vestrae</span> 
     </span>
     <span class='ocr_line' id='line_1_32' title="bbox 400 2632 1800 2688; baseline 0.001 -15"><span class='ocrx_word' id='word_1_206' title='bbox 400 2632 575 2687; x_wconf 85' lang='lat' dir='ltr'>pietatis</span> <span class='ocrx_word' id='word_1_207' title='bbox 621 2633 944 2674; x_wconf 86' lang='lat' dir='ltr'>beatitudinem</span> <span class='ocrx_word' id='word_1_208' title='bbox 988 2648 1063 2688; x_wconf 87' lang='lat' dir='ltr'>per</span> <span class='ocrx_word' id='word_1_209' title='bbox 1105 2634 1197 2675; x_wconf 85' lang='lat' dir='ltr'>vias</span> <span class='ocrx_word' id='word_1_210' title='bbox 1240 2637 1379 2675; x_wconf 84' lang='lat' dir='ltr'>rectas</span> <span class='ocrx_word' id='word_1_211' title='bbox 1422 2634 1469 2675; x_wconf 90' lang='lat' dir='ltr'>in</span> <span class='ocrx_word' id='word_1_212' title='bbox 1511 2632 1800 2675; x_wconf 88' lang='lat' dir='ltr'>ostensionem</span> 
     </span>
     <span class='ocr_line' id='line_1_33' title="bbox 400 2700 1798 2758; baseline 0.002 -18"><span class='ocrx_word' id='word_1_213' title='bbox 400 2701 522 2756; x_wconf 82' lang='lat' dir='ltr'>regni</span> <span class='ocrx_word' id='word_1_214' title='bbox 576 2700 670 2753; x_wconf 90' lang='lat' dir='ltr'>Dei,</span> <span class='ocrx_word' id='word_1_215' title='bbox 729 2715 813 2752; x_wconf 82' lang='lat' dir='ltr'>oro,</span> <span class='ocrx_word' id='word_1_216' title='bbox 860 2701 1069 2751; x_wconf 81' lang='lat' dir='ltr'>Christus,</span> <span class='ocrx_word' id='word_1_217' title='bbox 1109 2701 1192 2743; x_wconf 88' lang='lat' dir='ltr'>Dei</span> <span class='ocrx_word' id='word_1_218' title='bbox 1239 2702 1391 2754; x_wconf 81' lang='lat' dir='ltr'>virtus,</span> <span class='ocrx_word' id='word_1_219' title='bbox 1443 2702 1525 2744; x_wconf 91' lang='lat' dir='ltr'>Dei</span> <span class='ocrx_word' id='word_1_220' title='bbox 1572 2702 1798 2758; x_wconf 84' lang='lat' dir='ltr'>sapientia,</span> 
     </span>
    </p>
   </div>
   <div class='ocr_carea' id='block_1_6' title="bbox 400 2850 1798 2942">
    <p class='ocr_par' dir='ltr' id='par_1_6' title="bbox 400 2850 1798 2942">
     <span class='ocr_line' id='line_1_34' title="bbox 447 2850 1798 2899; baseline 0.001 -12"><span class='ocrx_word' id='word_1_221' title='bbox 447 2850 454 2875; x_wconf 72' lang='lat'><strong>¹</strong></span> <span class='ocrx_word' id='word_1_222' title='bbox 482 2857 554 2888; x_wconf 83' lang='lat' dir='ltr'>The</span> <span class='ocrx_word' id='word_1_223' title='bbox 579 2851 699 2899; x_wconf 65' lang='lat' dir='ltr'>Abboy</span> <span class='ocrx_word' id='word_1_224' title='bbox 724 2857 762 2887; x_wconf 89' lang='lat' dir='ltr'>of</span> <span class='ocrx_word' id='word_1_225' title='bbox 785 2857 909 2895; x_wconf 71' lang='lat' dir='ltr'>llailes,</span> <span class='ocrx_word' id='word_1_226' title='bbox 934 2857 1079 2889; x_wconf 75' lang='lat' dir='ltr'>founded</span> <span class='ocrx_word' id='word_1_227' title='bbox 1117 2858 1161 2899; x_wconf 63' lang='lat' dir='ltr'>b.)-</span> <span class='ocrx_word' id='word_1_228' title='bbox 1193 2857 1339 2889; x_wconf 80' lang='lat' dir='ltr'>Richard</span> <span class='ocrx_word' id='word_1_229' title='bbox 1382 2858 1420 2889; x_wconf 83' lang='grc' dir='ltr'>Ε.</span> <span class='ocrx_word' id='word_1_230' title='bbox 1453 2857 1491 2889; x_wconf 83' lang='lat' dir='ltr'>of</span> <span class='ocrx_word' id='word_1_231' title='bbox 1526 2858 1701 2896; x_wconf 77' lang='lat' dir='ltr'>Cornwall,</span> <span class='ocrx_word' id='word_1_232' title='bbox 1733 2859 1798 2889; x_wconf 76' lang='lat' dir='ltr'>and</span> 
     </span>
     <span class='ocr_line' id='line_1_35' title="bbox 400 2910 755 2942; baseline 0.008 -3"><span class='ocrx_word' id='word_1_233' title='bbox 400 2910 570 2942; x_wconf 72' lang='lat' dir='ltr'>dedicated</span> <span class='ocrx_word' id='word_1_234' title='bbox 587 2910 620 2941; x_wconf 92' lang='lat' dir='ltr'>in</span> <span class='ocrx_word' id='word_1_235' title='bbox 642 2913 720 2941; x_wconf 76' lang='lat'>1251</span> <span class='ocrx_word' id='word_1_236' title='bbox 741 2911 755 2942; x_wconf 69' lang='grc' dir='ltr'>ἶ)</span> 
     </span>
    </p>
   </div>
  </div>
 </body>
</html>
