1905 3180
165 852 266 885 Fears
281 863 300 884 a
315 863 367 884 re-

166 898 270 928 newal
277 898 314 928 of
319 897 374 929 the

163 941 307 981 disputes
323 941 357 972 iu

162 984 217 1016 thc
235 984 318 1016 Uni-

164 1028 288 1070 versity
304 1028 343 1060 of

164 1071 301 1104 Oxford.

394 251 478 291 248
865 255 970 286 ADAE
1003 254 1063 285 DE
1094 253 1290 285 MAmsco

976 450 1188 493 CXVIII.

392 577 669 620 Honorabilis
691 576 803 628 viro,
826 575 1043 631 magyz'stro
1064 575 1118 617 R.
1148 574 1201 617 (lc
1221 574 1596 630 Simplingyhoem)
1623 575 1785 617 Frater

511 644 620 687 Adeo
661 644 886 700 spiritum
936 647 1147 685 sanetum
1198 641 1472 699 infallibilis
1514 641 1700 685 consilii
1749 646 1787 684 ct

501 711 807 768 fortitudinis
838 710 1143 754 invincibilis.

452 846 562 888 Cum
612 846 809 902 legissem
856 843 1108 902 diligentius
1160 847 1204 885 et
1255 842 1424 899 plenius
1475 843 1783 886 intellexissem

391 914 741 969 circumspectum
782 914 939 955 litterae
971 916 1127 955 vestrae
1169 915 1375 964 tenorem,
1408 911 1616 954 sollicitus
1652 912 1783 953 timor

390 986 579 1023 mentem
631 981 806 1022 anxiam
858 980 1092 1022 admodum
1144 980 1380 1036 occupavit,
1431 995 1507 1035 pro
1569 994 1618 1021 eo
1670 978 1786 1035 quod

391 1048 796 1090 desideratissimam
827 1048 1124 1090 universitatis
1146 1047 1400 1089 aemulandae
1422 1047 1783 1103 tranquillitatem

392 1116 664 1158 formidando
705 1117 861 1159 subitae
902 1115 1189 1158 concussionis
1220 1115 1409 1171 periculo
1438 1115 1656 1171 subjacere
1687 1129 1786 1157 con-

392 1185 588 1226 sideravi.
640 1184 737 1226 Hoc
766 1188 912 1226 autem
943 1184 991 1225 in
1021 1183 1270 1225 imminenti
1300 1197 1524 1225 causarum
1555 1182 1785 1239 grandium

393 1252 639 1295 discrimine
679 1251 854 1294 videtur
885 1266 975 1293 esse
1006 1252 1260 1301 consultum,
1293 1255 1344 1293 ut
1380 1250 1599 1307 provisiva
1630 1253 1786 1292 vestrae

395 1319 662 1362 discretionis
703 1318 928 1370 industria,
972 1334 1068 1361 cum
1112 1319 1359 1361 venerando
1393 1322 1510 1361 coetu
1541 1317 1786 1374 sapientum

393 1389 516 1430 vobis
543 1388 706 1444 jugiter
748 1392 792 1429 et
827 1388 894 1429 his
926 1388 1081 1442 quibus
1124 1387 1276 1429 honori
1320 1387 1471 1428 divino
1514 1386 1702 1428 servitur
1744 1389 1789 1427 et

393 1456 650 1511 prospicitur
700 1456 829 1497 saluti
885 1455 1176 1497 ecclesiasticae
1228 1455 1423 1496 assistere
1464 1454 1787 1510 dignoscuntur,

393 1524 705 1565 dissensionum
751 1523 946 1564 fomitem
990 1522 1230 1578 reprimere,
1278 1525 1323 1563 et
1362 1536 1589 1577 procurare
1621 1521 1790 1576 quietu-

394 1590 538 1631 dinem
599 1591 869 1632 studentium
925 1604 1013 1631 non
1070 1590 1261 1641 desistat,
1315 1590 1394 1630 sub
1446 1590 1518 1644 pia
1567 1589 1789 1631 benevolae

393 1657 735 1714 longanimitatis
782 1659 1092 1713 expectatione,
1146 1671 1367 1712 quousque
1410 1671 1486 1712 per
1535 1656 1790 1698 clementem

394 1725 701 1782 superbenigni
744 1724 983 1767 Salvatoris
1029 1724 1404 1780 dispensationem,
1439 1724 1554 1779 quod
1604 1725 1793 1780 propitia

393 1792 627 1834 divinitate
674 1794 760 1844 fiet,
807 1793 898 1834 sine
930 1807 1061 1834 morae
1106 1792 1344 1848 dispendio,
1378 1792 1615 1847 imperetur
1645 1793 1790 1834 ventis

393 1861 759 1916 conspirationum
812 1864 856 1901 et
908 1860 1017 1901 mari
1069 1860 1417 1916 perturbationis,
1461 1863 1506 1902 et
1546 1860 1625 1901 fiat
1672 1864 1787 1902 tran-

392 1928 583 1982 quillitas
614 1943 772 1983 magna
801 1927 1067 1969 scholarium.

453 1995 670 2037 Caeterum
692 1995 840 2051 scripsi
866 1996 1057 2037 litteram
1079 1994 1381 2052 porrigendam
1411 1995 1569 2038 decano
1592 1995 1787 2050 Oxoniae,

393 2063 576 2105 suadens
632 2063 772 2105 eidem
819 2067 863 2105 et
916 2064 1171 2119 supplicans,
1216 2067 1267 2105 ut
1308 2068 1483 2120 propter
1523 2065 1789 2120 pavescenda

392 2131 689 2172 turbaminum
730 2131 1051 2173 imminentium
1094 2131 1341 2173 discrimina
1372 2132 1614 2174 executioni
1645 2147 1789 2188 super-

393 2198 551 2250 sedeat,
585 2199 666 2240 sibi
712 2214 739 2239 a
783 2199 990 2255 magistro
1038 2199 1229 2241 Roberto
1272 2200 1324 2241 de
1367 2200 1453 2242 Sta.
1485 2199 1685 2256 Agatha‘2
1717 2201 1789 2243 de-

392 2266 630 2318 mandatae3
681 2266 960 2308 nihilominus
1004 2282 1078 2322 per
1124 2267 1315 2309 litteram
1356 2268 1484 2308 aliam
1527 2269 1701 2324 signans
1745 2272 1790 2310 et

393 2333 635 2388 supplicans
684 2338 920 2376 memorato
963 2335 1170 2390 magistro
1214 2335 1417 2387 Roberto,
1465 2338 1526 2387 ut,
1569 2336 1788 2392 perpensis

393 2404 613 2442 tantorum
666 2401 959 2443 discriminum
1012 2403 1356 2453 circumstantiis,
1400 2407 1620 2445 maturum
1660 2404 1789 2445 rebus

393 2467 637 2522 periculosis
712 2469 946 2510 remedium
1010 2470 1311 2513 incunctanter
1382 2475 1502 2513 curet
1574 2471 1786 2513 adhibere.

394 2535 525 2590 Apud
555 2536 849 2577 venerandum
881 2552 1050 2593 quoque
1081 2542 1260 2594 patrem,
1292 2538 1516 2580 dominum
1540 2539 1785 2588 Lincolniae,

394 2606 522 2658 prout
559 2603 670 2645 facto
715 2619 820 2660 opus
861 2604 991 2647 suerit
1034 2606 1295 2648 modicitatis
1332 2621 1439 2649 meae
1480 2610 1624 2662 partes
1656 2607 1789 2648 inter-

441 2797 449 2819 ¹
469 2800 529 2833 See
545 2811 576 2843 p.
597 2800 667 2834 100.
1099 2803 1105 2848 Ι
1169 2805 1181 2825 ²
1198 2805 1258 2839 See
1274 2816 1304 2847 p.
1325 2807 1398 2840 107.
