1905 3180
247 2106 305 2137 An
321 2108 453 2138 address

247 2156 281 2181 to
296 2151 351 2182 the
364 2151 453 2191 Pope

246 2204 289 2224 on
305 2195 360 2225 the
376 2205 429 2225 oc-

245 2239 354 2269 casion
371 2239 409 2269 of

244 2282 363 2323 Henry
375 2283 439 2315 ΠΙ,

244 2326 413 2367 assuming

246 2371 301 2401 the
318 2380 416 2402 61033.

481 259 528 296 4]
543 258 567 297 4
965 265 1069 295 ADAE
1103 266 1163 295 DE
1193 265 1390 297 MARISCO

480 382 762 423 mentissimae
785 380 980 437 Virginis
1016 380 1307 436 patrocinium
1342 380 1568 422 absorbere
1603 381 1792 433 debebit,
1826 386 1879 424 ut

478 449 616 490 multo
634 449 818 504 amplius
846 448 984 490 fidens
1013 447 1275 489 conscientia
1295 447 1502 498 laetificet,
1524 463 1655 503 quam
1686 452 1877 491 tremens

478 516 690 557 exultatio
737 515 996 556 contristet?
1049 515 1145 556 Scio
1178 514 1294 568 quod
1325 514 1417 556 haec
1447 519 1676 570 superatur
1704 516 1760 557 ab
1801 516 1877 558 illa

476 584 664 624 multum
707 583 883 638 quidem
915 597 991 637 per
1022 596 1193 623 omnem
1224 582 1414 631 modum,
1446 583 1772 641 propter-quod
1802 598 1877 626 oro

477 651 534 692 sit
565 665 724 691 securae
750 651 888 691 menti
912 651 1019 705 juge
1052 649 1313 691 convivium.
1378 649 1591 705 Succingo
1623 664 1876 702 sermonem,

476 718 627 759 nolens
670 719 853 759 eruditae
897 717 1035 758 menti
1076 716 1344 772 prolixitatis
1384 716 1581 772 ingerere
1632 717 1871 759 fastidium.

478 785 675 827 Sufficiat
716 788 864 826 sancto
902 784 1114 825 desiderio
1156 784 1422 825 occasionem
1462 784 1727 839 praestitisse.
1791 783 1877 826 Re-

476 853 869 894 commendationes
907 866 1014 906 quas
1049 851 1158 892 mihi
1204 851 1463 906 injunxistis
1503 865 1582 907 pro
1618 851 1744 892 vobis
1775 851 1876 893 faci-

476 920 617 969 endas,
639 923 841 975 prompta
868 920 1096 960 voluntate
1119 933 1195 974 per
1224 918 1308 960 Dei
1328 918 1518 973 gratiam
1543 918 1683 960 facere
1704 918 1874 960 curabo.

476 987 525 1028 Si
554 1002 709 1043 cogens
740 987 819 1028 hoc
849 1001 938 1028 non
969 986 1220 1027 excluderet
1250 985 1490 1035 necessitas,
1507 986 1875 1041 jucundissimum

474 1055 583 1095 mihi
614 1054 726 1096 foret
754 1055 977 1095 vobiscum
1004 1054 1120 1095 vivae
1145 1054 1265 1095 vocis
1291 1053 1451 1095 habere
1477 1053 1738 1108 colloquium
1758 1070 1768 1105 3
1800 1053 1875 1095 sed

474 1137 642 1164 necesse
671 1125 735 1163 est
765 1125 817 1164 ut
849 1122 965 1177 quod
1000 1122 1192 1163 locorum
1222 1121 1416 1162 excludit
1448 1120 1661 1162 distantia
1691 1135 1875 1176 praesen-

474 1190 539 1231 tia
589 1190 790 1245 suppleat
841 1189 1076 1245 spirituum
1127 1189 1174 1229 in
1228 1187 1414 1239 Christo,
1458 1188 1534 1243 qui
1580 1188 1656 1239 ait,
1705 1188 1876 1230 “Pater

475 1263 498 1279 ‘⁶
529 1262 687 1308 sancte,
712 1272 836 1298 serva
865 1271 935 1298 eos
961 1257 1007 1297 in
1032 1256 1208 1298 nomine
1237 1259 1327 1306 tuo,
1353 1270 1460 1310 quos
1486 1255 1645 1297 dedisti
1672 1255 1793 1307 mihi,
1821 1258 1875 1298 ut

475 1330 498 1347 ‘⁶
530 1325 619 1366 sint
650 1341 788 1366 unum
820 1325 932 1366 sicut
964 1328 1008 1366 et
1034 1324 1148 1366 nos.’'
1210 1324 1283 1365 Ad
1310 1323 1412 1374 haec,
1438 1323 1542 1364 licet
1569 1337 1699 1378 super
1729 1337 1874 1379 corpo-

472 1393 554 1433 rali
595 1393 898 1434 incolumitate
940 1396 1107 1434 metum
1143 1392 1333 1433 incutiat
1366 1405 1521 1446 anceps
1556 1391 1721 1433 acerbae
1757 1391 1874 1433 vale-

473 1460 642 1501 tudinis
671 1461 922 1515 periculum,
958 1463 1107 1501 tamen
1140 1474 1339 1501 securum
1371 1459 1435 1514 pii
1472 1458 1714 1500 Salvatoris
1750 1459 1874 1515 adju-

472 1528 636 1569 torium
667 1532 848 1583 praestat
879 1528 1094 1569 fiduciam.
1158 1527 1327 1582 Nempe
1358 1526 1449 1581 ipse
1481 1529 1547 1568 est
1578 1527 1653 1581 qui
1683 1527 1874 1581 percutit

473 1598 518 1636 et
549 1599 687 1646 sanat,
720 1595 926 1636 vulnerat
963 1598 1007 1636 et
1049 1595 1260 1643 medetur,
1304 1594 1492 1650 castigat
1528 1597 1573 1635 et
1613 1595 1746 1636 morti
1787 1609 1875 1637 non

472 1663 623 1705 tradit.
689 1663 840 1718 Ipsum
882 1663 1068 1717 denique
1113 1666 1265 1704 contra
1306 1666 1463 1703 cuncta
1504 1662 1872 1718 qualiumcunque

473 1731 743 1773 cruciatuum
781 1731 1034 1772 discrimina
1074 1730 1354 1771 benedictum
1397 1744 1576 1772 summae
1618 1730 1772 1771 salutis
1807 1745 1872 1773 re-

472 1799 664 1840 medium
697 1798 985 1839 diffinientem
1017 1798 1273 1839 audiamus:
1309 1802 1331 1819 “
1350 1797 1406 1838 In
1433 1797 1655 1853 patientia
1686 1798 1870 1850 vestra?

472 1865 566 1908 etc.¹

533 2099 753 2154 Scriptum
795 2100 911 2154 quod
953 2099 1061 2140 mihi
1103 2100 1419 2142 conficiendum
1461 2104 1606 2143 vestra
1657 2101 1867 2158 imposuit

472 2167 724 2218 dominatio,
767 2182 845 2222 pro
886 2168 1012 2223 gravi
1059 2168 1391 2223 occupationum
1436 2169 1652 2211 varietate
1692 2170 1865 2225 raptim,

470 2238 600 2289 prout
622 2234 846 2275 Divinitas
874 2235 1092 2285 concessit,
1116 2238 1402 2291 aggregatum
1429 2237 1688 2291 paternitati
1707 2240 1863 2279 vestrae

468 2316 542 2357 per
582 2316 765 2356 puerum
812 2303 1038 2357 praesentis
1088 2303 1249 2344 litterae
1299 2303 1558 2359 portitorem
1599 2305 1861 2346 transmitto.

470 2369 695 2423 Siquidem
732 2369 846 2410 malo
889 2370 996 2410 cassi
1032 2370 1190 2411 laboris
1227 2371 1375 2426 pigeat
1410 2371 1687 2427 imperitiam,
1730 2385 1859 2427 quam

468 2437 772 2478 conscientiam
793 2441 962 2478 accuset
992 2442 1191 2479 recusata
1221 2439 1464 2494 praeceptio.
1530 2439 1677 2495 Igitur
1696 2439 1733 2480 si
1755 2438 1858 2494 quid

508 2639 515 2656 ¹
534 2638 624 2669 Here
639 2638 766 2669 follows
782 2648 801 2669 a
822 2639 924 2669 blank
941 2639 1029 2676 folio,
1047 2639 1125 2671 with
1194 2640 1391 2681 succeeding
1421 2640 1510 2678 folio,
1542 2640 1668 2681 having
1705 2650 1749 2671 no
1779 2648 1854 2671 con·

463 2690 518 2720 the
535 2690 707 2730 exception
720 2690 755 2720 of
772 2691 826 2721 the
840 2691 900 2721 last
914 2690 988 2721 four
999 2691 1080 2721 lines
1092 2692 1130 2721 of
1193 2692 1314 2722 nexion
1345 2692 1426 2723 with
1456 2693 1512 2723 the
1542 2692 1721 2733 preceding
1736 2692 1854 2722 Letter.

462 2745 517 2773 the
535 2741 669 2782 Epistle.
705 2742 777 2772 The
793 2748 874 2773 next
885 2742 1009 2783 begins,
1027 2742 1123 2773 with-
1192 2744 1223 2774 It
1246 2754 1313 2776 was
1342 2744 1517 2786 obviously
1542 2744 1718 2776 addressed
1739 2748 1774 2774 to
1799 2742 1854 2774 the

461 2799 518 2826 out
534 2805 600 2835 any
616 2795 758 2830 address,
775 2799 807 2825 at
832 2794 886 2825 the
912 2794 996 2825 head
1012 2794 1049 2825 of
1067 2795 1122 2826 the
1190 2796 1291 2836 Pope.
