1905 3180
165 1146 236 1178 The
249 1148 356 1179 defeat

163 1192 366 1223 ofLouile.

162 1240 194 1265 at
213 1236 367 1267 1111115011-

162 1279 232 1314 rah,
249 1280 337 1312 AD.

167 1326 258 1355 1250,

397 245 480 287 2ῖὸ
882 253 989 284 ADAE
1021 255 1082 284 DE
1112 253 1310 287 MAmsco

392 368 524 416 credo,
559 370 624 408 est
656 367 830 422 spiritus
877 368 1052 418 consilii,
1096 369 1171 424 qui
1220 370 1354 419 vobis,
1413 371 1657 416 Divinitate
1698 388 1793 430 pro-

390 435 509 490 pitia,
556 434 795 477 satisfacere
836 439 1041 491 poterimt
1087 436 1212 493 longe
1248 438 1401 480 melius
1443 454 1571 495 quam
1603 455 1698 483 mea
1729 443 1793 484 in-

391 502 646 545 sufficientia
676 518 803 560 super
843 504 1070 561 requisitis,
1104 505 1343 561 praesertim
1391 522 1486 563 quae
1518 509 1679 552 differri
1722 524 1795 552 110-

391 586 529 627 quem]
540 575 565 613 t.

451 639 619 682 Iterum
650 639 803 692 valeat,
837 644 912 684 etc.

999 831 1172 874 CXLV.

385 930 416 978 I
417 935 572 979 {lustri
593 935 703 985 viro,
728 933 913 977 domino
939 932 981 977 S.
1019 933 1186 977 Oomiti
1208 931 1477 989 Leycestriass
1501 933 1662 978 Frater
1682 935 1791 978 Adeo

822 1002 1016 1044 salutem
1046 1001 1103 1044 in
1134 1001 1348 1045 Domino.

444 1131 645 1173 Terrifica
675 1130 757 1172 diri
788 1128 981 1171 fulminis
1012 1128 1206 1170 tonitrua
1236 1128 1393 1170 nostris
1424 1128 1599 1171 auribus
1631 1128 1789 1185 passim

385 1200 562 1255 ingesta,
611 1199 717 1255 proh
765 1199 910 1240 dolor!
959 1198 1011 1239 de
1048 1201 1196 1238 sancto
1243 1212 1341 1252 rege
1380 1196 1583 1247 Franciae,
1616 1197 1704 1239 imo
1736 1198 1789 1239 de

384 1269 556 1323 negotio
589 1267 766 1309 Domini
799 1266 1061 1317 saeculorum,
1094 1265 1131 1307 O
1162 1265 1379 1321 gemitus!
1435 1264 1471 1306 O
1495 1265 1701 1320 suspiria!
1749 1265 1786 1307 Ο

386 1335 599 1390 singultus
619 1338 625 1375 ἒ
662 1334 698 1376 O
716 1335 936 1390 angustiae,
963 1334 1016 1374 ob
1038 1333 1354 1374 immanitatem
1376 1333 1575 1383 horroris,
1598 1336 1642 1374 et
1663 1347 1788 1375 voces

385 1403 574 1445 lamento
607 1406 888 1457 congruentes
933 1404 1136 1457 premunt
1168 1404 1211 1442 et
1243 1401 1494 1456 exprimmit
1524 1401 1788 1442 insiccabiles

383 1471 670 1525 lacrymarum
702 1469 1013 1511 inundationes.
1087 1468 1221 1523 Cujus
1258 1469 1373 1510 enim
1404 1468 1475 1510 vel
1505 1468 1787 1511 execrabilem

386 1539 573 1579 animam
606 1553 693 1579 non
737 1540 992 1585 consternat,
1031 1537 1135 1578 adeo
1167 1537 1282 1591 quod
1313 1537 1429 1577 ultra
1459 1550 1546 1577 non
1578 1536 1635 1577 sit
1665 1536 1787 1592 spiri-

385 1611 467 1658 tus,
501 1622 596 1648 cum
645 1605 883 1647 considerat
928 1605 1219 1646 felicissimum
1270 1604 1590 1646 Catholicorum
1637 1607 1787 1660 poten-

385 1678 557 1716 tatuum
609 1688 762 1729 regem,
816 1672 1065 1714 victoriosos
1117 1675 1352 1713 castrorum
1403 1671 1596 1713 fidelium
1648 1671 1786 1722 duces,

384 1742 603 1783 bellicosos
638 1740 873 1782 Christiani
910 1739 1153 1781 celtaminis
1190 1754 1392 1794 proceres,
1426 1738 1683 1794 praevalidos
1715 1739 1786 1781 de-

385 1813 499 1851 votae
532 1809 699 1850 militiae
732 1808 922 1864 populos,
958 1808 1032 1862 qui
1075 1822 1171 1848 cum
1213 1810 1339 1849 tanta
1379 1806 1481 1848 fidei
1513 1806 1782 1858 certitudine,

386 1892 481 1918 cum
530 1880 654 1918 tanta
696 1876 952 1917 fortitudine
995 1875 1175 1925 fiduciae,
1229 1889 1324 1916 cum
1369 1877 1493 1916 tanto
1545 1875 1784 1917 dilectionis

384 1946 559 1996 fervore,
594 1960 690 1987 cum
722 1948 847 1986 tanto
878 1945 1033 1986 timore
1064 1944 1331 1994 Divinitatis,
1365 1958 1462 1985 cum
1493 1945 1583 1984 tam
1615 1944 1785 1999 potenti

383 2014 557 2064 virtute,
607 2012 893 2054 sollicitudine
938 2016 1030 2053 tam
1074 2012 1206 2067 vigili,
1257 2015 1347 2053 tam
1391 2012 1463 2067 pia
1494 2011 1779 2063 aemulatione,

383 2081 624 2123 constantia
655 2084 745 2122 tam
781 2080 1029 2136 longanimi,
1073 2080 1127 2121 ad
1164 2079 1243 2121 hoc
1285 2094 1328 2121 se
1359 2079 1576 2135 accingere
1617 2093 1782 2122 merue-

381 2153 483 2190 runt
526 2148 723 2203 inspirati
766 2148 984 2197 divinitus,
1034 2150 1084 2188 ut
1130 2147 1262 2203 pulsis
1292 2147 1489 2189 hostibus
1520 2147 1642 2202 regni
1683 2146 1778 2199 Dei,

381 2216 436 2255 ad
469 2216 659 2256 divinam
689 2216 869 2257 formam
895 2215 1083 2265 vivendi,
1108 2215 1162 2256 ad
1194 2215 1387 2257 divinam
1419 2229 1639 2256 censuram
1662 2214 1781 2270 J'udi-

381 2284 515 2333 candi,
559 2283 614 2324 ad
645 2283 841 2324 divinum
885 2283 1018 2324 ritum
1063 2283 1240 2334 colendi,
1283 2283 1560 2324 restituerent
1600 2282 1779 2324 haeredi-

378 2354 513 2392 tatem
546 2350 653 2401 Dei3
685 2355 728 2392 et
758 2351 949 2406 profusas
991 2365 1120 2407 opum
1157 2350 1298 2406 copias
1330 2353 1603 2406 exponentes,
1637 2353 1682 2392 et
1712 2364 1780 2391 ar-

378 2422 545 2460 mantes
576 2419 772 2460 robustos
804 2419 1061 2460 bellatorum
1103 2419 1327 2468 exercitus
1362 2421 1406 2460 et
1441 2417 1642 2474 gravidas
1673 2418 1778 2459 clas-

378 2487 488 2531 sium
531 2486 832 2533 multitudines
873 2487 1145 2539 instruentes,
1179 2489 1224 2528 et
1254 2486 1356 2542 jura
1391 2485 1576 2527 coelestis
1606 2484 1776 2541 imperii

376 2554 505 2594 latius
551 2553 875 2595 distendentes?
952 2554 1069 2606 Quis,
1112 2554 1301 2609 inquam,
1344 2556 1442 2609 post
1481 2555 1551 2595 tot
1581 2555 1776 2608 stupores

376 2621 688 2669 miraculorum,
734 2624 830 2676 post
877 2624 942 2662 tot
984 2621 1279 2663 discriminum
1331 2624 1524 2671 terrores,
1575 2623 1672 2676 post
1708 2623 1776 2662 tot

375 2689 548 2734 sudores
591 2689 852 2743 proeliorum,
895 2692 993 2744 post
1033 2692 1102 2730 tot
1142 2689 1338 2745 gentium
1381 2691 1554 2743 strages,
1586 2688 1671 2729 ista
1705 2686 1776 2729 vel

373 2756 597 2796 rummiens
619 2756 885 2811 conspicatur
917 2760 960 2797 et
992 2771 1077 2797 11011
1106 2757 1221 2798 scissi
1253 2756 1435 2812 pectoris
1465 2755 1589 2797 corde
1620 2754 1770 2804 saucio,

372 2823 516 2877 pallidi
552 2823 698 2864 vultus
747 2823 951 2878 sauguine
999 2823 1220 2875 exinaniti,
1255 2823 1334 2864 sub
1375 2823 1495 2864 ferali
1536 2822 1771 2864 barbaricae
