1905 3180
664 270 900 300 ErisTOLAE.
1403 258 1423 296 1
1434 258 1453 296 1
1463 257 1486 297 3

698 578 867 619 XXVI.

362 703 564 746 Domino
595 703 854 746 Lincolnz'ce
886 703 1048 745 Frater
1080 703 1196 745 Adcc.

142 812 254 854 Cum
296 814 512 855 venissem
556 814 774 855 Oxoniam
817 812 986 854 locutus
1019 812 1085 853 fui
1128 827 1225 853 cuni
1269 813 1479 868 magistro
1497 821 1530 872 J..
1550 821 1578 853 le
1597 821 1682 854 Gra-

77 879 283 922 Johanne
351 882 391 923 le
454 881 645 930 Gracius,
708 882 804 922 viro
875 881 1131 937 perspicacis
1209 881 1377 936 ingenii
1435 886 1479 923 et
1498 867 1673 941 ffissfe‘sstt‘m

80 947 240 1003 eloquii
289 950 599 998 convenientis,
658 949 888 990 eminentis
957 948 1221 990 litteraturae
1279 952 1324 990 et
1379 954 1704 1004 coli-1›}sl1‹3p'si11-

77 1016 336 1058 versationis
392 1017 598 1069 honestfe,
656 1017 892 1058 secundum
941 1016 1057 1071 quod
1098 1017 1335 1058 ostendunt
1386 1021 1479 1059 tam
1495 1003 1644 1030 matum.

78 1097 222 1125 rerum
264 1085 498 1127 evidentiae
542 1100 673 1139 quam
720 1084 972 1125 testimonia
1020 1084 1324 1126 laudabilium.
1393 1085 1480 1136 Qui

77 1151 180 1193 licet
221 1156 379 1194 vestrae
436 1153 751 1194 dominationis
795 1152 1057 1207 dignitatem
1099 1151 1228 1206 longe
1280 1152 1482 1207 praeferat

79 1220 247 1261 caeteris
301 1221 488 1262 ecclesiae
537 1221 743 1276 praelatis,
796 1223 848 1261 ut
889 1220 1028 1261 eidem
1066 1223 1233 1274 quanta
1273 1220 1481 1275 subjectae

79 1287 326 1329 devotionis
367 1288 452 1329 fide
489 1289 610 1329 valet
647 1288 924 1342 obsequatur,
962 1291 1111 1328 tamen
1141 1301 1231 1328 non
1263 1289 1481 1329 consentit

79 1355 133 1396 ob
195 1370 345 1397 causas
400 1356 622 1411 plurimas,
666 1355 859 1410 plurium
912 1354 1080 1409 judicio
1129 1355 1369 1410 plurimum
1414 1370 1480 1397 ra-

77 1423 320 1474 tionabiles,
390 1438 503 1465 curae
566 1424 813 1465 animarum
888 1437 1018 1477 quam
1075 1423 1263 1477 suscepit
1321 1437 1481 1464 renun-

77 1490 202 1540 ciare,
244 1505 322 1532 nec
364 1491 620 1533 scholastica
652 1490 860 1532 exercitia
906 1490 1213 1541 intermittere,
1257 1505 1480 1547 quousque

76 1558 124 1599 in
157 1558 257 1613 jure
293 1559 499 1600 canonico
533 1559 603 1601 vel
637 1559 757 1600 civili
794 1557 984 1599 officium
1026 1558 1284 1599 eruditionis
1314 1559 1483 1614 impen-

77 1626 232 1668 dendae
270 1627 560 1683 assumpserit,
601 1631 645 1668 et
685 1627 768 1668 sibi
814 1626 1028 1667 divinitus
1080 1641 1324 1668 concessam
1366 1627 1480 1682 juris

77 1693 196 1736 illius
223 1695 294 1736 vel
322 1695 450 1736 istius
475 1695 704 1736 scientiam
733 1694 830 1736 aliis
862 1694 1055 1736 docendo
1085 1695 1480 1737 communicaverit.

78 1761 210 1804 Dixit
246 1766 393 1805 autem
447 1763 564 1819 quod
596 1763 632 1804 si
666 1766 812 1804 vestro
850 1762 1012 1804 sederit
1048 1762 1332 1817 beneplacito,
1376 1763 1482 1803 dum

78 1834 276 1872 moratur
318 1831 499 1872 studens
552 1831 600 1871 in
654 1829 942 1871 universitate
990 1829 1185 1877 Oxoniae,
1229 1829 1354 1870 vobis
1397 1830 1481 1870 erit

77 1898 311 1940 intendens
342 1899 389 1939 in
422 1898 610 1954 negotiis
646 1897 815 1946 vestris,
852 1900 896 1938 et
928 1896 1114 1938 ecclesiae
1147 1899 1305 1938 vestrae
1336 1911 1413 1951 per
1437 1910 1481 1938 se

80 1969 125 2007 et
158 1980 234 2021 per
265 1980 364 2007 suos
396 1965 634 2021 complices,
673 1968 804 2020 prout
844 1964 1044 2014 valuerit,
1078 1964 1284 2019 vigilanti
1325 1964 1481 2005 sollici-

79 2033 261 2084 tudine3
314 2047 560 2075 accessurus
592 2032 871 2088 postmodum
913 2031 1124 2073 efficacius
1171 2032 1227 2072 ad
1267 2031 1480 2073 familiare

80 2101 372 2142 ministerium
428 2104 636 2151 vestrum,
692 2114 789 2141 cum
835 2103 1077 2155 opportune
1130 2099 1273 2154 ipsum
1329 2113 1481 2140 vocare

80 2168 320 2220 volueritis,
367 2168 580 2224 completo
611 2168 832 2223 proposito
865 2181 941 2208 suo
974 2167 1020 2207 in
1063 2166 1325 2207 scholasticis
1358 2181 1483 2208 exer-

80 2236 205 2285 citiis,
239 2236 286 2276 in
318 2235 475 2291 quibus
506 2236 589 2276 erit
631 2250 708 2290 pro
740 2235 874 2284 vobis,
908 2233 1097 2275 Domino
1130 2234 1272 2286 dante,
1314 2233 1483 2289 jugiter

80 2307 213 2359 prout
256 2303 349 2344 fieri
380 2304 542 2359 poterit
585 2303 698 2344 bono
743 2303 882 2344 modo.
966 2302 1157 2343 Locutus
1207 2316 1303 2343 sum
1348 2302 1482 2343 etiam

82 2386 181 2413 cum
222 2371 430 2426 magistro
463 2371 704 2427 Reginaldo
749 2371 800 2411 de
846 2370 1018 2421 Stokes,
1056 2370 1232 2418 medico,
1267 2370 1361 2411 viro
1394 2385 1482 2411 ma-

81 2442 182 2481 turo
224 2442 268 2481 et
298 2439 490 2489 honesto,
525 2439 571 2479 in
603 2438 771 2480 artibus
803 2442 848 2479 et
880 2439 926 2478 in
956 2438 1171 2479 medicina
1202 2441 1406 2493 provecto
1438 2442 1482 2479 et

82 2510 274 2563 experto,
309 2522 436 2562 quem
489 2510 532 2548 et
574 2507 842 2548 conversatio
874 2505 1049 2555 socialis,
1094 2508 1138 2546 et
1179 2505 1483 2561 circumspecta

84 2576 296 2625 discretio,
331 2578 376 2616 et
406 2589 544 2616 sermo
575 2578 784 2624 maturus,
819 2577 864 2615 et
895 2574 1102 2614 timorata
1133 2573 1322 2624 devotio,
1348 2573 1482 2628 juxta

83 2642 169 2684 fide
203 2643 433 2699 dignorum
470 2643 762 2692 assertionem,
794 2641 1031 2697 plurimum
1059 2640 1204 2681 reddit
1247 2645 1480 2696 acceptum.

86 2709 177 2751 Iste
221 2717 286 2752 est
332 2711 378 2752 in
422 2725 549 2765 quem
596 2710 652 2751 ad
695 2710 922 2751 servitium
969 2711 1126 2750 vestrae
1174 2708 1482 2749 dominationis

86 2778 354 2819 evocandum
386 2779 556 2819 animus
588 2792 709 2819 meus
753 2777 939 2832 amplius
972 2775 1198 2823 consentit,
1231 2775 1316 2816 nisi
1347 2776 1481 2815 alium

87 2844 225 2886 eidem
303 2846 643 2903 praeponendum
699 2845 824 2886 vobis
895 2843 1113 2886 Dominus
1180 2842 1479 2884 insinuaverit.

1272 2919 1307 2949 H
