1905 3180
247 381 337 413 A.D.

211 428 224 455 l
231 429 370 457 225-50.

189 469 382 502 Confessors

185 514 224 545 of
235 515 289 546 the

187 558 302 592 Order.

411 246 466 285 42
825 251 1007 284 THOMAS
1038 252 1098 283 DE
1131 251 1393 284 ECCLEsroN.

472 369 644 411 Floruit
680 382 851 424 quoque
885 369 932 410 in
969 367 1106 410 officio
1129 367 1406 410 confessionis
1438 366 1563 409 bonae
1594 366 1813 408 memoriae

412 438 567 479 Frater
620 437 859 478 Mauricius
911 437 963 479 (le
1017 436 1222 488 Derham,
1277 436 1353 492 qui
1415 450 1513 478 cum
1573 435 1813 477 invenisset

411 506 626 561 quendam
675 520 858 561 puerum
904 505 1070 546 diutius
1113 504 1371 561 desperabili
1420 504 1629 560 languore
1670 503 1814 545 tabes-

410 577 591 624 centem,
645 573 800 615 audita
849 573 1115 615 confessione
1165 588 1254 625 sua,
1308 572 1509 628 injunxit
1554 573 1593 614 ei
1641 575 1693 613 ut
1736 586 1814 627 per

408 643 601 699 singulos
636 642 728 684 dies
770 642 933 684 diceret
974 642 1061 684 tria
1092 642 1188 684 Ave
1231 640 1405 693 Maria,
1459 644 1503 683 et
1543 643 1710 696 peteret
1761 642 1813 681 ut

409 711 546 753 Beata
577 711 713 767 Virgo
756 710 1011 766 impetraret
1042 710 1127 751 sibi
1159 709 1407 762 sanitatem,
1450 712 1502 750 ut
1537 711 1682 764 posset
1723 721 1812 749 esse

409 780 564 821 Frater
597 779 754 820 Minor.
824 778 883 820 Et
912 794 1009 820 cum
1041 779 1104 820 sic
1128 778 1289 820 faceret
1315 778 1370 819 ad
1398 777 1588 834 plenum,
1615 777 1813 832 deinceps

407 851 583 889 curatus
625 850 701 889 est.
777 846 890 889 Cum
931 847 1069 902 igitur
1112 847 1282 888 circiter
1312 845 1417 888 xvi.¹
1451 860 1587 888 annos
1617 845 1810 896 haberet,

407 915 510 957 fecit
542 931 642 958 eum
677 915 874 971 obligari,
917 918 962 957 et
1005 915 1129 970 quasi
1170 915 1352 957 fratrem
1394 929 1531 969 usque
1572 914 1628 955 ad
1668 913 1812 969 legiti—

406 998 522 1024 mam
564 987 740 1025 aetatem
792 984 909 1024 inter
957 984 1114 1025 fratres
1158 983 1430 1033 conversari3
1465 997 1552 1038 qua
1583 981 1809 1037 completa,

406 1052 498 1093 sine
530 1052 742 1094 dilatione
775 1051 855 1092 sub
890 1052 1045 1093 Fratre
1078 1052 1298 1108 Angnello
1330 1052 1513 1093 indutus
1545 1053 1621 1092 est.

469 1120 505 1160 F
508 1120 643 1161 loruit
696 1134 866 1175 quoque
921 1120 1169 1162 Gloverniae
1223 1120 1380 1161 Frater
1439 1118 1699 1161 Vincentius
1758 1117 1810 1159 de

408 1188 660 1244 XVygornia,
713 1191 838 1244 pater
883 1189 1019 1230 totius
1065 1188 1325 1245 provinciae3
1371 1187 1447 1243 qui
1496 1190 1635 1229 tantae
1676 1186 1812 1228 absti-

406 1257 567 1298 nentiae
608 1257 812 1312 tantique
853 1257 1010 1312 rigoris
1051 1257 1097 1298 in
1139 1272 1193 1307 se,
1232 1260 1276 1298 et
1316 1259 1455 1298 tantae
1490 1255 1725 1297 suavitatis
1766 1258 1811 1296 et

406 1325 662 1366 socialitatis
714 1328 808 1366 erat
859 1325 915 1366 ad
979 1325 1189 1375 subditos,
1243 1328 1294 1366 ut
1357 1325 1470 1366 sicut
1521 1324 1700 1380 angelus
1753 1323 1809 1365 ab

407 1392 608 1434 omnibus
652 1395 902 1444 amaretur-3
956 1393 1072 1434 unde
1129 1393 1184 1434 ob
1234 1408 1406 1435 morum
1449 1393 1717 1449 gravitatem
1767 1395 1811 1433 et

406 1460 667 1516 przecipuam
718 1461 998 1516 prudentiam
1050 1464 1201 1516 postea
1249 1462 1305 1502 ad
1357 1461 1677 1517 praedicationis
1721 1460 1811 1501 offi-

406 1528 520 1569 cium
552 1531 596 1570 et
628 1528 793 1570 domini
830 1528 1140 1571 Coventrensis
1178 1529 1365 1585 episcopi
1404 1529 1565 1585 Rogeri
1597 1528 1811 1571 confessor

406 1595 612 1638 effectus.2

467 1664 638 1706 Floruit
675 1678 845 1720 quoque
887 1665 1003 1721 apud
1052 1665 1263 1707 Lenniam
1311 1665 1609 1707 famosissimae
1650 1665 1809 1707 sancti—

404 1733 512 1773 tatis
567 1733 647 1784 vir,
706 1734 861 1774 Frater
914 1733 1136 1775 Galfridus
1198 1735 1250 1775 de
1305 1734 1572 1785 Samsbmia,
1629 1734 1704 1788 qui
1761 1734 1809 1775 in

405 1800 661 1842 austeritate
702 1801 807 1842 vitae
850 1816 893 1842 se
945 1802 1146 1849 alterum,
1199 1803 1234 1842 si
1272 1802 1356 1843 dici
1398 1805 1556 1857 potest,
1609 1802 1809 1843 Francis-

404 1882 502 1909 cum
549 1869 767 1920 exhibuit,
802 1869 849 1909 in
896 1870 1200 1912 conformitate
1245 1870 1428 1912 virtutis
1480 1873 1525 1911 et
1573 1870 1808 1912 suavitatis

404 1951 453 1977 ac
503 1937 795 1992 simplicitatis
835 1938 991 1993 gratia,
1034 1939 1270 1979 secundum
1322 1938 1578 1980 Antonium.
1654 1938 1808 1980 Tantae

404 2019 507 2046 vero
559 2005 736 2060 pietatis
787 2005 873 2047 suit
926 2010 970 2047 et
1011 2007 1320 2062 compassionis
1369 2007 1416 2047 in
1468 2006 1808 2048 confessionibus

404 2072 645 2124 audiendis,
697 2076 750 2114 ut
806 2073 881 2114 ubi
934 2088 1022 2115 non
1075 2075 1246 2117 videret
1307 2075 1563 2117 confitentes
1618 2089 1809 2131 congrua

404 2141 531 2196 signa
587 2141 932 2196 compunctionis
989 2144 1225 2193 ostendere,
1282 2143 1374 2199 ipse
1425 2158 1496 2185 eos
1538 2143 1684 2200 potius
1751 2143 1807 2184 ad

404 2207 556 2249 fletum
598 2209 687 2250 suis
720 2209 897 2251 fletibus
939 2213 984 2252 et
1025 2211 1291 2267 singultibus
1327 2214 1643 2264 comnioveret3
1694 2210 1807 2252 sicut

404 2276 456 2317 de
478 2276 574 2318 viro
607 2277 746 2318 nobili
777 2278 953 2320 domino
991 2279 1243 2321 Alexandro
1278 2280 1330 2321 de
1366 2278 1678 2321 Bissinburne3
1709 2293 1806 2320 con-

405 2344 534 2399 tigit3
570 2345 673 2399 quia
704 2360 803 2387 cum
834 2346 918 2388 sibi
951 2348 1233 2389 confiteretur
1265 2347 1389 2403 quasi
1420 2336 1639 2389 narrando
1671 2361 1807 2402 quan-

404 2412 501 2453 dam
536 2413 842 2464 narrationem,
892 2415 1002 2457 flens
1034 2415 1300 2458 amarissime
1341 2416 1477 2457 frater
1517 2415 1661 2472 ipsum
1701 2415 1805 2457 fiere

404 2480 554 2536 coegit,
599 2484 644 2522 et
684 2482 739 2523 ad
781 2483 1052 2539 propositum
1094 2484 1291 2526 intrandi
1335 2484 1558 2526 Minorum
1596 2483 1803 2526 Ordinem

404 2548 492 2590 suis
534 2549 700 2591 meritis
735 2553 779 2591 et
815 2551 1080 2594 salutaribus
1122 2552 1311 2594 consiliis
1344 2552 1558 2608 provexit.
1621 2552 1676 2593 In
1718 2566 1803 2607 quo

452 2781 458 2802 ¹
477 2795 540 2823 scin,
559 2783 645 2817 Cott.
1178 2781 1189 2799 ³
1207 2774 1262 2820 So,
1280 2777 1302 2812 f.
1322 2781 1361 2814 79
1375 2780 1404 2813 b.
1421 2792 1429 2819 ;
1463 2780 1523 2813 but
1555 2779 1801 2823 Bissinybuflne‚

1132 2831 1167 2864 in
1191 2832 1312 2865 Cotton
1338 2833 1421 2872 MS„
1445 2833 1467 2864 f.
1482 2837 1523 2865 83
1535 2843 1575 2872 a„
1603 2833 1713 2865 where
1737 2832 1803 2865 this

448 2873 460 2892 ²
475 2873 587 2915 Roger
598 2872 757 2908 iveSham
773 2875 788 2908 3³
836 2876 897 2911 see
913 2886 944 2919 P·
959 2877 1011 2910 33·
1132 2896 1268 2928 passage
1291 2886 1318 2919 is
1342 2887 1504 2928 repeated.
