1905 3180
426 234 511 274 264
899 238 1005 269 ADAE
1039 237 1100 268 DE
1131 236 1328 268 MARISCO

983 430 1258 475 CXXXVII.

420 561 604 605 Illa-sm
649 559 760 609 viro,
809 557 995 601 domino
1037 556 1094 609 S„
1131 555 1298 599 Comita
1344 553 1617 611 afflasti-iaz,
1664 554 1825 596 Frater

1065 624 1185 666 Adeo.

199 774 329 807 Praises
482 755 518 796 O
550 753 853 811 benignissime
896 766 1044 801 comeS,
1080 753 1288 806 quantam
1322 749 1568 805 puritatem,
1603 751 1812 803 quantam

200 819 404 895 iiiinsgssziees
420 824 668 872 claritatem,
718 825 925 877 quantam
971 820 1246 861 sanctitatem
1284 833 1309 858 a
1341 817 1490 858 divina
1536 816 1823 858 retributione

200 912 233 937 to
249 906 304 938 the
420 891 465 931 in
516 905 647 945 regno
692 890 775 931 Dei
806 888 1060 945 percipietiS,
1115 902 1191 942 pro
1238 901 1287 928 eo
1344 885 1459 941 quod
1502 885 1557 926 ad
1603 884 1823 926 ecclesiam

200 950 343 983 Church.
420 959 503 999 Dei
546 958 825 1013 purgandam,
872 955 1206 997 illuminandam
1238 958 1282 996 et
1313 952 1680 1002 sanctificandam,
1730 955 1823 993 tam

420 1026 533 1068 felici
565 1025 853 1066 sollicitudine
885 1040 960 1080 per
991 1024 1194 1065 idoneum
1226 1022 1421 1078 regimen
1467 1021 1683 1063 indefesse
1715 1023 1827 1061 sata-

420 1093 550 1150 gitis!
616 1093 732 1144 Quid
763 1093 877 1134 enim
924 1107 1118 1147 unquam
1151 1091 1234 1132 Dei
1281 1090 1394 1131 Filio
1437 1089 1616 1145 cogitari
1665 1087 1828 1144 poterit

422 1166 513 1202 tam
544 1161 731 1217 gratiose
763 1160 1076 1216 complacitum,
1106 1174 1236 1215 quam
1268 1161 1320 1200 ut
1351 1157 1569 1199 salvandis
1601 1155 1829 1197 animabus

417 1229 581 1285 jugiter
631 1229 892 1285 invigiletur,
947 1243 1024 1284 pro
1071 1228 1227 1283 quibus
1272 1225 1370 1282 Ipse
1416 1226 1477 1282 pii
1523 1224 1683 1267 cruoris
1726 1223 1831 1265 effu-

425 1298 597 1346 sionem,
631 1297 710 1338 sub
754 1296 890 1338 tantis
931 1296 1107 1351 agoniis,
1156 1294 1372 1336 rubricare
1413 1293 1557 1336 voluit
1598 1290 1830 1333 salutiferae

425 1364 560 1406 crucis
591 1364 848 1420 patibulum.
903 1363 1019 1415 Quid
1049 1363 1243 1420 proderit
1274 1363 1369 1418 paci
1401 1361 1562 1404 civium
1593 1360 1831 1416 prospicere

426 1436 470 1474 et
516 1447 665 1488 pacem
710 1431 1040 1474 domesticorum
1084 1446 1172 1472 non
1218 1430 1462 1472 custodire?
1539 1428 1832 1470 Attendamus

429 1501 530 1555 quia
572 1500 724 1541 melior
770 1504 834 1542 est
865 1500 1037 1555 patiens
1082 1499 1178 1540 viro
1224 1498 1338 1550 forti,
1372 1502 1416 1539 et
1458 1498 1532 1553 qui
1579 1495 1831 1538 dominatur

429 1569 573 1610 animo
595 1571 891 1624 expugnatore
919 1567 1104 1609 urbium.
1153 1566 1289 1607 Miror
1320 1566 1366 1606 ni
1398 1565 1642 1621 prudentiae
1674 1567 1831 1606 vestrae

431 1637 647 1677 subtilitas
691 1636 893 1677 advertat
940 1635 1045 1691 quid
1098 1650 1171 1691 per
1214 1635 1328 1675 hunc
1359 1633 1538 1675 intendo
1580 1647 1829 1674 sermonem.

490 1703 646 1745 Valeat
703 1707 860 1745 vestrae
907 1703 1153 1744 serenitatis
1185 1702 1430 1751 eminentia,
1466 1705 1542 1742 etc.
1607 1699 1834 1741 Rescribat

430 1771 547 1821 mihi,
582 1771 617 1811 si
659 1771 812 1826 placet,
846 1774 991 1812 vestra
1028 1770 1268 1812 dominatio
1300 1769 1515 1825 exquisite
1547 1768 1598 1810 de
1631 1767 1832 1809 omnibus

429 1854 524 1893 quae
556 1838 826 1880 rescribenda
849 1837 1162 1893 judicaveritis,
1194 1840 1387 1879 vestrum
1418 1851 1545 1893 super
1578 1836 1638 1878 eis
1667 1835 1833 1877 insinu-

428 1906 542 1949 ando
575 1921 744 1949 sensum
776 1906 940 1963 pariter
971 1910 1015 1949 et
1045 1905 1375 1962 beneplacitum.

976 2100 1276 2148 CXXXVIII.

428 2233 458 2280 I
461 2238 617 2282 llustri
638 2236 824 2282 domino
849 2236 1016 2282 Οονηὶίὶ,
1036 2238 1297 2296 Lcycestrc'w
1318 2238 1479 2281 Frate-r
1499 2233 1607 2280 Adeo
1629 2236 1828 2280 salutem.

208 2369 330 2429 Qntjie
493 2365 805 2407 Desiderabilis
866 2369 1008 2409 status
1060 2367 1196 2409 vestri
1249 2365 1536 2416 incolumitas,
1592 2373 1723 2421 quam
1775 2378 1830 2406 ex

207 2417 329 2493 ξθῖαἱηῖ
430 2436 579 2475 tenore
610 2433 771 2475 littera}
819 2434 927 2475 mihi
969 2435 1236 2476 transmissae
1279 2431 1542 2491 perpendere
1593 2433 1728 2489 potui,
1772 2432 1831 2474 sit

430 2501 595 2542 Divino
641 2500 807 2542 nomini
868 2502 1125 2553 benedictio,
1176 2503 1294 2544 cordi
1340 2517 1435 2544 meo
1479 2503 1603 2544 laetas
1649 2499 1831 2557 ingessit

428 2569 669 2624 gratiarum
721 2569 920 2612 actiones.
1014 2571 1080 2612 De
1132 2571 1278 2613 reditu
1329 2574 1477 2612 vestro
1533 2573 1680 2611 tamen
1736 2572 1829 2610 tam

428 2636 586 2678 festino
640 2651 728 2678 non
798 2638 1009 2679 modicam
1076 2639 1251 2694 concepi
1321 2637 1664 2687 admirationem,
1728 2636 1830 2678 licet

428 2704 624 2746 noverim
672 2703 787 2759 quod
830 2705 973 2761 ipsum
1025 2706 1271 2762 requisierit
1321 2720 1548 2747 causarum
1599 2704 1829 2761 grandium

426 2785 584 2827 urgens
635 2772 931 2815 consideratio.
1010 2774 1155 2829 Igitur
1203 2774 1390 2815 viriliter
1432 2773 1559 2828 agite,
1613 2777 1657 2814 et
1708 2786 1828 2813 mens

425 2843 570 2881 vestra
604 2840 870 2883 confortetur
902 2840 949 2882 in
979 2842 1178 2892 Domino,
1213 2842 1265 2883 de
1297 2856 1382 2898 quo
1414 2841 1673 2897 sperandum
1702 2839 1828 2881 indu-
