1905 3180
434 268 516 314 <272
919 277 1024 307 Am:
1057 276 1117 306 DE
1148 275 1344 306 MAmsco

432 398 451 415 “
485 392 694 448 paulatim
727 395 856 445 atque
894 404 969 445 per
1011 392 1167 444 partes.
1233 389 1335 430 Non
1379 388 1539 444 poteris
1580 404 1650 431 cas
1692 389 1833 431 delere

435 465 456 483 ‘²
488 460 659 516 pariter,
682 473 735 499 ne
761 458 871 499 forte
898 457 1244 512 multiplicentur
1270 460 1420 498 contra
1447 460 1490 498 te
1519 457 1669 499 bestiae
1696 461 1834 499 terrae.

430 533 438 550 ⁴
487 527 707 581 Dabitque
745 540 814 567 eos
850 525 1064 566 Dominus
1093 523 1211 578 Deus
1244 528 1345 565 tuus
1387 524 1432 565 in
1474 528 1703 580 conspectu
1744 528 1833 576 tuo,

431 600 453 618 “
486 599 530 637 et
573 593 805 636 interficiet
850 593 945 634 illos
987 592 1122 633 donec
1169 591 1344 647 penitus
1386 591 1638 643 deleantur3
1692 592 1834 634 dabit-

429 666 453 686 “
485 677 567 718 quc
596 677 716 718 reges
751 676 896 703 eorum
931 660 977 701 in
1009 674 1163 701 manus
1191 663 1301 709 tuas,
1332 662 1376 700 et
1410 659 1629 714 disperdes
1656 659 1834 701 nomina

430 736 451 755 “
483 745 629 773 eorum
673 729 754 771 sub
797 729 929 770 coelo:
965 727 1110 769 nullus
1144 727 1304 783 poterit
1344 726 1542 769 resistere
1582 727 1665 770 tibi
1699 728 1833 771 donec

432 805 452 820 “
485 802 680 840 conteras
712 796 818 838 eos.”

491 867 559 907 Ex
591 865 821 921 propositis
854 863 1116 904 Divinorum
1151 863 1419 918 eloquiorum
1450 862 1707 904 testimoniis
1737 877 1833 919 pro-

429 934 539 975 fecto
582 933 718 975 cernit
760 931 941 973 illustris
988 934 1143 973 vestrae
1191 930 1401 972 claritatis
1444 929 1665 980 industria,
1717 931 1831 986 quod

430 1016 515 1042 non
577 1000 660 1041 nisi
710 1000 869 1041 divinae
932 999 1040 1054 legis
1097 999 1294 1040 custodia
1344 999 1676 1054 repugnantiam
1727 998 1834 1054 legis

432 1069 604 1110 Divinae
653 1068 813 1123 poterit
861 1067 1075 1109 edomare.
1160 1067 1266 1118 Quis
1312 1067 1427 1108 enim
1476 1066 1669 1122 ambigit,
1723 1082 1834 1122 prae-

430 1141 628 1191 terquam
674 1136 710 1177 is
755 1149 881 1190 quem
926 1134 1231 1177 obtenebravit
1283 1134 1475 1190 perfidiae
1529 1134 1674 1190 caligo,
1729 1135 1834 1190 quin

430 1205 594 1245 rabiem
661 1204 893 1244 immanem
957 1203 1194 1244 crudelium
1246 1202 1588 1244 misericordium
1646 1202 1834 1258 benigna

430 1271 716 1312 mansuetudo
767 1271 969 1327 subigat3
1017 1271 1121 1325 quin
1167 1270 1361 1312 fallacem
1408 1269 1687 1311 calliditatem
1739 1284 1834 1325 per-

431 1339 619 1380 ditorum
664 1338 857 1380 fidelium
889 1338 1140 1394 simplicitas
1168 1338 1356 1380 veridica
1386 1336 1581 1388 refellat3
1614 1337 1720 1392 quin
1750 1337 1834 1378 ini-

433 1421 560 1461 quam
595 1406 911 1462 persuasionem
948 1406 1244 1460 diripientium
1276 1405 1631 1447 distribuentium
1662 1405 1835 1461 largitio

432 1476 549 1515 recta
595 1473 814 1524 obtineat3
858 1473 961 1527 quin
1007 1473 1247 1528 inquietam
1296 1472 1527 1528 perniciem
1576 1473 1833 1514 discordium

433 1541 781 1583 concordantium
814 1540 990 1596 pacifica
1021 1540 1226 1582 sedulitas
1258 1539 1530 1595 triumphet?
1613 1539 1722 1582 Haec
1766 1543 1833 1582 est

433 1612 546 1650 certe
590 1608 763 1664 superni
804 1608 1024 1664 regiminis
1066 1608 1248 1663 provida
1293 1608 1543 1656 moderatio,
1588 1622 1662 1663 per
1704 1622 1833 1663 quam

433 1676 597 1717 sudoris
628 1676 761 1717 vestri
793 1676 916 1731 vigor
948 1675 1148 1725 invictus,
1187 1676 1233 1716 in
1264 1675 1501 1716 virtutibus
1532 1675 1834 1717 misericordiae

434 1747 478 1784 et
510 1743 719 1791 veritatis
748 1743 936 1798 justitiae
983 1745 1028 1784 et
1075 1743 1200 1798 pacis,
1246 1743 1551 1784 crudelitatum
1601 1746 1645 1784 et
1690 1743 1836 1785 seduc-

432 1811 612 1858 tionum,
666 1810 951 1865 rapacitatum
1004 1813 1048 1851 et
1095 1808 1398 1859 discidiorum,¹
1432 1810 1543 1851 vitia
1603 1811 1833 1866 superabit.

435 1877 519 1919 Sed
563 1877 773 1932 numquid
816 1878 984 1932 impetu
1026 1877 1263 1928 subitaneo,
1315 1880 1360 1919 et
1410 1892 1498 1919 non
1539 1877 1833 1934 dispensativo

435 1948 609 1986 tractu?
683 1944 824 1986 “Non
858 1944 1025 1999 ejiciam
1070 1960 1140 1987 eos
1187 1960 1213 1987 a
1258 1945 1366 1987 facie
1397 1948 1475 1987 tua
1505 1960 1618 1987 anno
1649 1960 1747 1996 uno,
1779 1961 1833 1988 ne

437 2019 458 2034 “
490 2015 607 2053 terra
636 2013 683 2053 in
729 2012 1004 2054 solitudinem
1037 2013 1260 2069 redigatur
1302 2016 1347 2054 et
1377 2016 1569 2055 crescant
1609 2017 1759 2055 contra
1788 2017 1833 2055 te

438 2086 458 2100 “
491 2080 677 2130 bestiae3
738 2080 948 2135 paulatim
992 2080 1206 2136 expellam
1258 2095 1328 2122 eos
1361 2081 1412 2121 de
1465 2084 1694 2136 conspectu
1745 2084 1831 2132 tuo,

439 2147 626 2188 “donec
685 2147 879 2202 augearis
941 2151 985 2189 et
1047 2148 1261 2203 possideas
1321 2148 1518 2190 terram.''
1589 2148 1669 2190 Ait
1720 2163 1830 2204 ergo,

444 2218 466 2235 “
501 2213 603 2253 Non
647 2214 844 2269 poteritis
886 2229 955 2255 eos
997 2215 1136 2257 delere
1168 2214 1367 2271 pariter,”
1413 2229 1467 2257 ne
1514 2218 1706 2257 cessante
1737 2215 1834 2257 hos-

437 2280 649 2321 tilitatum
696 2281 869 2322 incursu
912 2281 1035 2323 velut
1078 2283 1264 2325 solitudo
1313 2287 1430 2324 terra
1472 2283 1607 2335 sileat,
1654 2286 1698 2325 et
1738 2287 1830 2325 tam

438 2347 676 2388 facinorum
730 2362 859 2402 quam
912 2349 1176 2405 flagitiorum
1241 2350 1517 2392 daemoniales
1559 2350 1711 2392 bestiae
1757 2365 1832 2406 per

438 2415 619 2455 otiosam
682 2415 944 2457 lascivientis
1005 2417 1181 2473 ineptiae
1243 2418 1486 2460 vecordiam
1537 2420 1583 2459 et
1643 2421 1832 2460 crescant

437 2484 482 2522 et
534 2481 875 2536 multiplicentur
930 2487 1080 2525 contra
1122 2488 1178 2536 te,
1232 2486 1475 2526 animorum
1537 2485 1628 2526 vim
1676 2500 1831 2527 evacu-

437 2551 569 2597 antes,
609 2551 653 2589 et
697 2553 951 2591 enervantes
997 2552 1128 2592 robur
1179 2567 1415 2608 corporum,
1465 2555 1518 2601 et,
1558 2552 1673 2608 quod
1704 2553 1828 2602 absit,

436 2618 559 2669 parta
589 2614 874 2669 laudabiliter,
913 2618 1259 2674 vituperabiliter
1289 2619 1568 2663 collabantur.

445 533 453 550 -x

955 2832 962 2851 ¹
990 2830 1206 2873 discidionum,
1230 2833 1304 2869 MS.
