1905 3180
471 268 551 307 188
953 271 1058 302 ADAE
1091 271 1151 301 DE
1182 270 1378 304 MARIsco

465 412 559 452 quae
592 396 741 437 divina
779 395 1017 450 loquuntur
1049 393 1231 448 eloquia,
1269 392 1555 435 certissimum
1587 395 1662 447 est,
1686 395 1730 434 et
1759 392 1855 432 luce

463 464 629 505 clariori
652 466 819 505 constat
847 460 1079 506 evidentia,
1104 460 1327 502 dominum
1345 461 1583 517 praesulem,
1607 460 1711 501 dum
1738 459 1855 500 hunc

463 531 508 572 in
560 534 764 573 eventum
806 543 1103 586 quemcunque
1160 528 1232 570 vel
1285 529 1529 585 praebendae
1573 528 1626 570 de
1677 527 1852 576 Thame,

464 598 533 640 vel
564 599 806 654 praebendae
840 598 892 639 de
925 596 1181 652 Langeford,
1214 597 1432 652 praeficere
1464 596 1655 653 disponit
1683 594 1732 636 in
1762 609 1854 651 pas-

464 668 612 715 torem,
647 665 847 707 alterutri
894 664 1129 706 earundem
1173 664 1450 706 ecclesiarum
1502 663 1675 720 proviso
1707 677 1855 705 secun-

464 733 566 775 dum
607 734 848 775 sanctiones
891 732 1170 788 evangelicas,
1217 732 1388 774 illorum
1441 731 1757 788 pernecabilem
1809 733 1853 772 et

461 801 831 842 damnatissimam
876 799 1041 840 imitari
1083 800 1320 855 perfidiam,
1367 800 1526 856 quibus
1568 799 1732 841 dictum
1774 800 1851 848 est,

461 875 483 890 “
517 868 886 923 Usquequaquam
934 867 1190 909 claudicatis
1234 867 1280 908 in
1318 868 1424 910 duas
1452 871 1630 924 partes:
1685 867 1721 908 si
1765 865 1853 907 Do-

460 936 657 977 “minus
701 939 767 977 est
820 936 947 984 Deus,
997 934 1230 990 sequimini
1277 951 1405 987 eum;
1457 936 1494 977 si
1538 939 1682 977 autem
1733 933 1850 983 Baal,

460 1010 481 1024 “
512 1003 743 1058 sequimini
776 1017 873 1044 eum
891 1002 925 1055 ;'’
976 1002 1151 1045 illorum
1198 1007 1242 1045 et
1285 1003 1556 1059 impietatem
1599 1002 1755 1045 sectari
1798 1001 1851 1042 dc

458 1070 616 1125 quibus
647 1071 810 1112 dictum
842 1074 918 1120 est,
955 1076 974 1091 “
993 1070 1078 1121 Qui
1105 1086 1203 1112 cum
1236 1071 1378 1113 Deum
1407 1072 1608 1123 colerent,
1632 1070 1715 1112 diis
1747 1084 1851 1125 quo-

457 1144 479 1159 “
511 1153 593 1192 que
625 1138 712 1179 suis
743 1137 1031 1180 serviebant.'’
1092 1139 1264 1181 Clamat
1295 1154 1349 1181 ex
1381 1139 1606 1195 evangelio
1638 1138 1852 1180 Dominus

456 1206 728 1247 saeculorum:
779 1206 956 1247 “Nemo
1005 1209 1149 1262 potest
1195 1207 1365 1249 duobus
1417 1207 1604 1249 dominis
1655 1205 1852 1248 servire.”

457 1274 516 1314 Et
569 1274 758 1314 iterum:
804 1273 927 1325 “Qui
972 1288 1061 1315 non
1098 1278 1163 1316 est
1214 1290 1395 1326 mecum,
1442 1277 1594 1317 contra
1636 1289 1704 1316 me
1749 1273 1853 1316 est.'’

456 1340 514 1382 Et
544 1341 672 1382 alibi:
711 1341 933 1382 “Utinam
965 1342 1131 1384 calidus
1154 1357 1265 1384 esses
1297 1346 1373 1384 aut
1405 1343 1617 1399 frigidus;
1647 1342 1723 1384 sed
1750 1342 1852 1397 quia

458 1413 480 1430 “
511 1408 684 1464 tepidus
716 1423 771 1460 es,
806 1413 851 1451 et
882 1423 1021 1464 neque
1054 1410 1219 1452 calidus
1241 1425 1382 1466 neque
1413 1410 1611 1467 frigidus,
1644 1410 1851 1466 incipiam

458 1480 480 1498 “
512 1480 554 1517 te
585 1491 779 1518 evomere
821 1492 875 1518 ex
913 1492 983 1519 ore
1016 1477 1151 1520 meo.”
1203 1479 1262 1520 Et
1293 1478 1485 1521 saeviunt
1517 1481 1667 1520 contra
1708 1477 1850 1533 ipsum

456 1543 719 1585 horribiliter
770 1544 817 1585 in
869 1545 1192 1601 Scripturarum
1238 1546 1471 1588 sententiis
1515 1546 1662 1588 decem
1712 1545 1850 1586 millia

458 1612 704 1666 urgentium
748 1613 1045 1655 tonitruorum
1092 1614 1283 1656 terrifica
1329 1613 1524 1655 fulmina.

518 1678 602 1721 Sed
630 1679 746 1721 inter
769 1680 846 1722 has
878 1681 1094 1736 abyssales
1126 1682 1337 1723 mundani
1370 1681 1575 1738 principis
1597 1680 1850 1723 obtenebra-

456 1745 594 1788 tiones
626 1748 731 1802 quid
762 1752 872 1790 esset
903 1750 1151 1790 consultum
1182 1750 1345 1791 censeri
1371 1750 1527 1791 debeat
1559 1749 1655 1804 quis
1687 1749 1849 1804 aliqua-

457 1816 582 1855 tenus
604 1815 784 1864 videbit,
812 1816 895 1857 nisi
918 1831 1046 1872 quem
1068 1817 1293 1859 illustrant
1315 1817 1600 1859 revelationes
1623 1817 1849 1858 desursum

455 1881 758 1925 descendentes
781 1899 806 1925 a
839 1884 968 1926 Patre
989 1885 1238 1942 luminum?
1270 1886 1432 1927 Verum
1465 1885 1578 1926 sicut
1598 1885 1707 1926 mihi
1731 1885 1849 1926 inter

455 1948 728 1992 densissimas
773 1951 1020 1994 defectuum
1064 1968 1259 1994 meorum
1292 1953 1509 2009 caligines,
1541 1967 1595 1994 ex
1628 1953 1721 1994 luce
1753 1967 1849 2008 quae

454 2015 500 2056 in
543 2018 729 2060 tenebris
774 2018 888 2061 lucet
920 2020 1028 2061 mihi
1059 2021 1282 2063 sublucere
1327 2021 1524 2063 tremulis
1575 2035 1672 2063 cum
1717 2021 1849 2062 oculis

455 2084 622 2138 aspicio,
668 2086 909 2128 consultum
941 2102 1031 2130 esse
1062 2088 1237 2130 videtur
1279 2092 1329 2130 ut
1365 2089 1501 2144 juxta
1540 2088 1709 2130 coelicas
1752 2088 1850 2129 illu-

456 2151 712 2194 minationes
768 2155 1006 2197 coelestium
1050 2156 1385 2212 Scripturarum,
1438 2156 1645 2198 humilem
1689 2156 1849 2197 mentis

456 2221 611 2260 vestrae
655 2223 1033 2264 mansuetudinem
1070 2223 1333 2266 luculentius
1363 2224 1644 2274 illustrantes,
1685 2223 1848 2265 densis-

457 2284 583 2325 simas
614 2286 887 2330 infernalium
930 2292 1270 2333 cxcaecationum
1301 2292 1513 2342 tenebras,
1548 2292 1650 2347 quia
1695 2291 1847 2332 mundi

457 2355 637 2394 rectores
679 2356 954 2399 tenebrarum
997 2359 1153 2402 harum
1185 2373 1283 2402 cum
1314 2375 1512 2416 supernae
1548 2359 1656 2401 lucis
1687 2359 1847 2401 exerci-

456 2419 574 2460 tibus
598 2421 754 2476 (plures
786 2428 888 2465 sunt
910 2426 1133 2469 vobiscum
1166 2442 1295 2483 quam
1328 2431 1479 2469 contra
1500 2427 1608 2479 vos),
1633 2430 1844 2482 quantum

457 2487 626 2528 coelitus
657 2491 936 2544 praestabitur
967 2495 1260 2537 exterminare
1292 2495 1515 2551 satagatiS‚
1549 2494 1762 2536 indefessa
1783 2494 1847 2535 vi-

456 2553 567 2594 rium
600 2569 881 2611 supernarum
929 2563 1185 2614 constantia,
1230 2566 1563 2614 commonentes,
1593 2561 1845 2612 invitantes,

456 2625 692 2672 exorantes,
726 2625 992 2679 adjuvantes
1019 2644 1095 2685 per
1125 2631 1400 2672 tremendum
1426 2630 1643 2686 judicium
1676 2633 1723 2671 et
1751 2643 1847 2685 reg·

456 2701 560 2729 num
601 2693 821 2742 aeternum,
854 2695 1082 2749 praefatum
1125 2699 1386 2754 pontificem,
1428 2701 1479 2739 ut
1512 2698 1564 2739 de
1605 2696 1846 2754 pontificali

456 2757 729 2808 providentia
759 2765 974 2815 pastorem
1022 2767 1231 2820 praeficiat
1280 2765 1554 2808 ecclesiarum
1599 2764 1844 2820 unicuique,

457 2828 790 2881 quantocunque
832 2843 931 2871 casu
963 2846 1114 2873 vacare
1162 2833 1407 2889 contigerit,
1442 2833 1627 2875 exclusis
1670 2832 1846 2889 penitus
