1905 3180
655 245 891 278 EP1ST0LAE.
1382 240 1466 282 249

79 382 234 422 ponere
276 382 566 423 proponerem,
603 374 731 424 prout
762 370 972 411 divinitus
1004 370 1271 421 concedetur,
1304 375 1354 412 ut
1396 386 1469 426 per

78 436 393 490 propensiorem
437 451 524 478 suae
572 438 826 492 provisionis
869 438 1149 493 diligentiam,
1192 442 1340 493 optato
1372 440 1468 488 fine,

77 506 230 543 cuncta
269 502 438 545 coelitus
469 505 780 559 conquiescant.
859 505 913 546 In
945 505 1134 546 benefico
1166 507 1299 547 vestri
1331 507 1472 561 gratia

80 573 177 610 acto
208 571 416 626 magistro
449 571 489 613 S.
529 572 579 613 de
614 573 822 622 Londjno,
858 572 1045 614 Domino
1097 574 1295 628 propitio,
1347 574 1470 615 vobis

76 651 381 693 usquequaque
412 639 657 680 servabitur
688 639 962 681 indemnitas.

135 703 291 747 Valeat
321 710 475 748 vestrae
508 707 681 762 pietatis
712 707 983 749 incolumitas
1014 707 1060 749 in
1098 707 1271 750 Christo
1303 722 1470 763 semper

76 776 120 814 et
160 773 407 815 beatissima
438 774 628 830 Virgine.

699 934 859 977 CXIX.

75 1058 413 1102 Amantissimo
453 1059 510 1102 in
554 1060 729 1103 Christo
765 1060 907 1116 patri,
954 1060 1139 1103 <lomina
1187 1061 1373 1104 Robcrto
1415 1062 1468 1104 dc

194 1127 383 1179 Estlmle,
415 1129 575 1170 Frater
606 1128 714 1170 Adeo
755 1129 919 1171 (latum
949 1128 1176 1185 optimum
1215 1130 1389 1185 mutire,
1432 1135 1468 1172 ct

191 1195 350 1250 {slom'cc
380 1196 555 1238 donum
580 1197 838 1253 perfectum.

136 1319 297 1376 [Faciei
327 1320 642 1372 verecundiam,
676 1335 805 1376 quam
827 1321 881 1362 ab
914 1320 1228 1377 interpellando
1259 1320 1528 1377 revocat]¹1n
1544 1325 1659 1358 behalf

77 1387 196 1429 Licet
217 1389 479 1430 immeritam
501 1403 607 1430 meae
629 1389 892 1430 modicitatis
913 1389 1174 1431 tenuitatem
1205 1391 1472 1432 revocaverit
1488 1369 1636 1446 {2³31}ss
1645 1370 1682 1402 of

74 1454 197 1497 faciei
239 1457 507 1506 verecundia,
542 1460 687 1498 tamen
730 1457 933 1498 fiduciam
978 1457 1114 1498 cordis
1160 1457 1373 1499 animavit
1416 1458 1471 1499 ad

75 1523 438 1579 interpellandum
490 1525 672 1580 probata
724 1524 966 1566 dilectionis
1016 1528 1173 1567 vestrae
1224 1525 1470 1567 liberalitas.

77 1591 261 1633 Proinde
293 1592 481 1633 sedulam
516 1592 758 1634 serenitatis
789 1596 946 1634 vestra>
987 1593 1331 1635 munificentiam
1374 1608 1471 1649 sup-

74 1659 247 1714 pliciore
292 1659 461 1701 devotae
508 1660 747 1702 affectionis
778 1660 1031 1702 interventu
1071 1675 1218 1717 precor
1255 1662 1470 1711 obnixius,

76 1727 131 1768 ob
178 1727 320 1783 Ipsius
378 1728 800 1783 contemplationem,
856 1729 930 1783 qui
987 1732 1077 1769 tam
1139 1726 1305 1770 celebra
1367 1729 1472 1783 legis

76 1808 164 1836 suae
235 1794 426 1850 jussione
485 1795 813 1845 commendavit,
887 1795 1188 1851 specialissimo
1252 1796 1359 1836 mihi
1426 1797 1470 1837 in

78 1861 250 1903 Christo
281 1862 485 1918 magistro
517 1863 558 1903 J.
587 1863 639 1904 de
672 1862 897 1911 Londino‚2
923 1861 1055 1916 Juxta
1087 1866 1308 1918 cogentem
1333 1878 1473 1905 neces-

63 1929 216 1970 sitatis
247 1944 334 1971 suae
366 1930 697 1984 requisitionem,
732 1934 944 1985 quatenus
975 1934 1018 1971 et
1049 1930 1202 1986 pietati
1238 1930 1475 1972 consulitur

76 2000 120 2038 et
163 1997 419 2053 prospicitur
459 1997 684 2046 honestati,
733 2012 808 2053 per
854 1997 1040 2053 aliquem
1091 1998 1142 2039 de
1192 1997 1475 2039 familiaribus

74 2064 387 2107 benevolentiae
439 2069 593 2107 vestrae
644 2066 819 2114 nuntiis,
874 2069 1065 2121 optatam
1116 2065 1315 2121 benignae
1378 2066 1475 2107 sub-

75 2133 291 2174 ventionis
321 2132 517 2188 gratiam,
551 2133 586 2174 si
618 2136 764 2174 tamen
795 2148 821 2174 a
862 2136 1006 2175 vestro
1038 2133 1118 2174 hoc
1151 2146 1240 2173 non
1271 2133 1475 2174 dissideat

74 2200 350 2256 beneplacito,
385 2205 436 2242 ut
478 2201 713 2253 valueritis,
745 2201 952 2252 videritis,
990 2200 1226 2252 volueritis,
1250 2216 1475 2256 procurare

75 2282 162 2309 non
214 2269 379 2311 ducatis
431 2268 670 2325 indignum.
747 2268 795 2310 Si
841 2269 1041 2311 effectum
1093 2268 1315 2324 petitionis
1367 2268 1476 2309 diffi-

76 2335 309 2378 cultatum³
342 2336 594 2379 obsistentia
624 2352 712 2379 non
743 2337 944 2387 excludit,
978 2340 1240 2379 memoratus
1271 2336 1475 2392 magister

121 2545 129 2566 ¹
149 2546 238 2579 Over
252 2546 307 2579 the
324 2548 431 2580 words
445 2547 559 2580 Faciei
574 2547 638 2580 and
654 2556 740 2579 revo-
803 2548 821 2579 I
837 2547 921 2580 have
937 2548 1098 2580 ventured
1124 2553 1157 2580 to
1183 2547 1313 2580 include
1329 2547 1384 2579 the
1408 2547 1474 2578 line

76 2603 130 2630 cat
145 2609 199 2631 are
215 2599 344 2632 written
360 2600 415 2632 the
431 2600 684 2642 monosyllables
701 2611 742 2631 va
803 2598 837 2631 in
862 2599 1026 2640 brackets,
1043 2610 1079 2632 as
1094 2600 1120 2632 it
1136 2600 1318 2642 altogether
1330 2599 1473 2631 disturbs

77 2651 141 2683 and
163 2657 226 2692 cat,
250 2652 302 2684 i.e.
330 2658 435 2684 vacat.
491 2652 652 2684 Whether
677 2651 742 2683 this
802 2652 858 2686 the
875 2663 977 2685 sense.

77 2701 171 2735 letter
186 2714 253 2736 was
269 2709 326 2736 not
348 2704 450 2736 found
474 2714 516 2736 on
539 2704 594 2736 the
618 2704 682 2742 file,
706 2714 744 2735 01·
847 2705 859 2723 2
887 2704 949 2737 See
965 2704 1079 2746 Roger
1095 2703 1234 2736 Bacon's
1248 2706 1267 2721 ‘⁸
1281 2703 1372 2745 Opus
1389 2703 1470 2734 Ter-

77 2755 131 2787 the
158 2761 276 2788 vacant
303 2766 398 2797 space
425 2756 463 2788 of
487 2756 543 2789 the
567 2756 640 2788 MS.
677 2766 744 2788 was
803 2755 917 2794 tium‚''
935 2756 1025 2787 circa
1042 2755 1110 2788 init.

76 2806 268 2840 afterwards
285 2808 374 2840 filled
390 2808 435 2849 in,
452 2809 470 2840 Ι
486 2814 605 2842 cannot
620 2807 742 2841 decide.
850 2809 861 2826 ³
877 2806 1097 2849 dq'ffi'cultatitss
1122 2807 1195 2841 MS.
