1905 3180
132 488 220 522 A.D.
240 492 331 520 1225.

130 550 240 590 Philip
257 550 295 581 of

128 595 275 627 London.

128 813 252 845 Walter
263 813 303 845 de

124 857 246 900 Burgo.

119 2313 192 2346 Ric.
208 2314 294 2346 Nor-

117 2368 204 2390 man.

119 2637 266 2669 Vincent
281 2635 320 2669 of

117 2682 297 2725 coventry.

357 352 410 393 14·
770 356 950 389 THOMAs
982 356 1042 388 DE
1075 355 1337 388 Eccmsrora

413 472 602 524 Quintus
653 470 738 512 fuit
792 469 945 511 Frater
997 468 1223 523 Philippus
1266 467 1491 510 Londonia
1537 469 1754 520 oriundus,

351 540 499 583 ordine
534 539 738 587 sacerdos,
773 537 847 593 qui
880 539 1032 593 postea
1064 535 1297 591 gardianus
1335 535 1569 592 Brugensis
1605 537 1754 588 factus,

349 612 394 650 et
435 607 619 649 officium
670 604 988 662 praedicationis
1039 604 1233 659 adeptus,
1277 603 1485 659 plurimos
1535 604 1754 649 lucrifecit.

350 677 571 718 Postremo
603 674 759 716 missus
797 677 863 716 est
905 673 951 715 in
994 671 1266 722 Hiberniam,
1301 675 1346 715 et
1382 672 1544 715 ibidem
1575 673 1757 716 feliciter

348 745 553 800 migravit
584 743 639 785 ad
671 741 919 784 Dominum.

407 812 513 855 Post
552 812 630 853 hos
681 814 828 853 autem
879 809 1158 851 intraverunt
1208 808 1385 864 quidam
1427 808 1635 865 magistri,
1679 809 1754 865 qui

346 881 505 922 famam
536 880 720 922 fratrum
764 877 1180 934 magnificaverunt3
1236 875 1390 918 Frater
1436 876 1596 919 scilicet
1637 876 1755 919 Wal-

344 952 462 991 terus
500 948 552 989 de
595 947 751 1003 Bmgo,
806 946 858 988 de
902 960 986 1001 quo
1029 944 1144 986 vidit
1184 944 1317 986 frater
1357 959 1470 986 unus
1511 945 1754 987 mirabilem

344 1016 582 1067 visione1n3
624 1015 739 1071 quod
780 1013 941 1055 scilicet
983 1013 1198 1054 Dominus
1233 1012 1262 1054 J
1267 1027 1362 1054 esus
1398 1013 1659 1055 descendens
1700 1013 1754 1055 de

343 1085 449 1127 coelo
484 1083 678 1139 porrexit
710 1082 749 1124 ei
779 1082 981 1131 rotulum,
1017 1081 1063 1122 in
1095 1095 1179 1136 quo
1212 1080 1421 1136 scriptum
1453 1083 1555 1130 erat,
1593 1086 1614 1102 ‘⁶
1629 1080 1752 1123 Tem-

344 1167 423 1208 pus
454 1152 521 1194 tui
552 1151 687 1193 tritici
718 1164 806 1191 non
838 1153 903 1191 est
938 1149 1017 1199 hic,
1058 1149 1133 1190 sed
1169 1147 1313 1190 alibi.''
1388 1147 1506 1190 Huic
1541 1149 1754 1191 revelavit

345 1218 604 1276 [fraudem]¹
649 1217 871 1273 cujusdam
923 1216 1115 1258 mulieris
1166 1216 1389 1272 religiosae,
1434 1230 1530 1271 quae
1571 1231 1647 1272 per
1687 1217 1752 1259 vi-

344 1288 483 1329 siones
524 1287 648 1328 fictas
701 1286 860 1328 delusit
911 1284 1127 1340 quendam
1179 1283 1358 1325 fratrem
1392 1283 1643 1326 “discretum
1688 1284 1752 1326 ita

344 1356 459 1411 quod
491 1369 561 1396 eas
594 1353 807 1396 scriberet.
872 1352 1026 1394 Frater
1056 1366 1159 1394 vero
1181 1351 1425 1408 Angnellus
1455 1366 1545 1393 non
1576 1352 1750 1395 credens

344 1423 537 1477 injunxit
588 1421 820 1463 conventui
871 1424 923 1462 ut
975 1423 1147 1461 orarent
1199 1423 1412 1475 quatenus
1465 1420 1585 1462 Deus
1630 1435 1750 1462 reve—

344 1491 453 1532 laret
494 1490 533 1531 ei
573 1504 664 1531 rem
696 1489 913 1544 quandam
945 1502 1022 1543 pro
1055 1502 1140 1543 qua
1171 1487 1257 1529 fuit
1289 1487 1490 1530 solicitus.
1555 1488 1615 1530 Et
1656 1502 1750 1530 ecce

344 1561 469 1600 nocte
510 1558 586 1598 illa
626 1557 768 1599 visum
810 1556 895 1598 fuit
937 1555 1083 1597 Fratri
1124 1555 1317 1597 Waltero
1360 1556 1477 1610 quod
1507 1555 1621 1598 vidit
1662 1570 1748 1598 cer-

344 1641 445 1667 vam
487 1625 703 1681 quandam
745 1624 970 1666 ascendere
1012 1622 1217 1665 velociter
1258 1623 1313 1664 ad
1354 1637 1557 1665 cacumen
1608 1624 1748 1680 cujus-

345 1694 444 1736 dam
475 1693 635 1735 montis
667 1692 833 1742 excelsi,
868 1695 912 1733 et
944 1691 1028 1732 duo
1061 1705 1185 1733 canes
1216 1691 1364 1747 magni
1395 1691 1612 1733 consecuti
1644 1696 1747 1734 sunt

345 1776 449 1811 eam,
474 1765 518 1803 et
549 1763 856 1802 convertermit
887 1774 981 1801 eam
1012 1773 1148 1814 usque
1178 1759 1226 1799 in
1246 1759 1415 1808 vallem,
1440 1762 1484 1800 et
1514 1759 1577 1800 ibi
1609 1762 1747 1802 stran-

342 1830 603 1885 gulaverunt
655 1843 776 1879 eam3
838 1841 1061 1869 accurrens
1112 1829 1258 1868 autem
1312 1826 1465 1868 Frater
1513 1827 1744 1878 Walterus,

342 1897 418 1938 ubi
455 1911 624 1938 cervam
666 1895 861 1938 invenire
903 1910 947 1936 se
985 1894 1176 1945 credidit,
1210 1908 1299 1935 non
1331 1893 1502 1936 invenit
1537 1894 1622 1936 nisi
1658 1910 1746 1937 sac-

342 1966 485 2006 culum
526 1964 703 2020 plenum
749 1962 967 2019 sanguine.
1033 1962 1144 2005 Cum
1195 1962 1331 2018 igitur
1370 1961 1582 2004 visionem
1633 1963 1744 2005 hanc

341 2035 557 2074 narrasset
609 2031 753 2073 Fratri
794 2030 1021 2086 Angnello,
1076 2030 1270 2085 concepit
1321 2030 1437 2085 quod
1487 2045 1563 2086 per
1607 2030 1743 2087 hypo-

341 2100 483 2142 crisim
525 2099 701 2141 seducta
740 2098 903 2148 fuisset,
937 2102 981 2140 et
1022 2097 1142 2139 misit
1177 2097 1234 2139 ad
1274 2112 1369 2139 eam
1401 2097 1507 2139 duos
1539 2098 1744 2141 discretos

340 2167 504 2217 fratres,
545 2167 619 2222 qui
652 2167 829 2209 tandem
861 2166 1097 2208 confessam
1136 2165 1252 2222 quod
1282 2165 1483 2208 finxisset
1518 2180 1616 2223 quae
1648 2167 1742 2209 dix-

342 2239 443 2284 erat,
476 2235 653 2277 veritati
684 2234 1076 2276 reconciliaverunt.

402 2303 594 2344 Intravit
635 2306 680 2344 et
720 2302 829 2343 alius
869 2302 1085 2358 magister,
1131 2301 1292 2344 scilicet
1335 2301 1488 2344 Frater
1530 2302 1739 2345 Ricardus

341 2370 385 2412 N
389 2385 632 2420 ormannus,
656 2370 729 2426 qui
752 2385 848 2412 cum
874 2371 1058 2412 verbmn
1092 2369 1389 2412 aedificationis
1419 2384 1446 2412 a
1476 2369 1590 2412 dicto
1622 2370 1740 2412 Wal-

340 2442 434 2480 tero
470 2438 708 2493 quaereret?
741 2442 839 2494 post
880 2438 1130 2480 diuturnam
1172 2437 1526 2479 deliberationem
1565 2453 1738 2494 respon-

341 2506 416 2556 dit,
454 2506 575 2558 “Qui
606 2506 703 2548 vult
735 2520 823 2547 esse
854 2506 901 2547 in
930 2520 1044 2562 pace,
1079 2504 1239 2548 sileat.'’
1301 2504 1413 2561 “Ky
1442 2509 1512 2548 vot
1542 2509 1650 2549 estre
1681 2520 1737 2549 en

334 2587 423 2630 pes,
456 2577 580 2629 tange
611 2588 684 2629 seps
715 2588 770 2616 en
795 2573 910 2630 pes.”

401 2642 592 2683 Intravit
635 2646 739 2684 tunc
781 2642 987 2698 temporis
1030 2642 1235 2697 magister
1267 2641 1523 2683 Vincentius
1566 2642 1618 2684 de
1656 2641 1736 2685 Co-

339 2713 502 2758 ventre,
536 2709 611 2764 qui
646 2724 734 2750 non
774 2711 962 2752 multiun
993 2714 1091 2766 post
1126 2724 1378 2765 germanum
1412 2724 1547 2759 suum,
1580 2710 1736 2766 magis-

339 2781 456 2819 trum
499 2776 748 2827 Hernicum,
802 2778 857 2819 ad
908 2778 1159 2819 intrandum
1212 2777 1415 2827 ordinem,
1462 2781 1734 2833 co-operante

383 2903 391 2921 ¹
417 2902 514 2935 Some
530 2903 621 2934 word
637 2902 665 2933 is
682 2902 828 2944 wanting
847 2903 925 2936 here
941 2902 974 2936 in
995 2903 1051 2937 the
1074 2903 1148 2937 MS.
1165 2908 1200 2935 to
1222 2902 1382 2944 complete
1403 2903 1459 2936 the
1482 2898 1599 2942 sense3
1630 2902 1735 2936 either

337 2954 529 2986 mendacium
552 2964 590 2986 or
603 2955 766 2996 fraudem.

382 3008 395 3026 ‘²
410 3006 475 3044 Sic,
491 3006 542 3039 for
557 3011 748 3048 quoererctur
761 3011 776 3040 ?
