1905 3180
402 279 485 320 2:28
879 279 984 312 ΑΒΕ
1017 279 1077 309 DE
1107 276 1305 308 MAmsco

400 406 667 454 tumcunque
701 397 782 438 sibi
814 411 889 452 per
918 395 1063 436 fucum
1096 392 1209 434 fictze
1242 391 1649 447 circumscriptionis
1680 388 1802 431 blan-

402 470 546 511 diatur
593 482 647 508 ex
685 466 837 507 divina
881 462 1108 508 sententia,
1158 460 1262 501 dum
1299 473 1575 514 nequaquam
1624 459 1803 514 diligere

401 535 686 581 convincitur,
722 533 797 588 qui
827 531 1063 573 secundum
1096 528 1357 583 evangelicae
1394 527 1630 569 sanctionis
1663 527 1805 568 obser-

398 604 594 646 vantiam
645 602 701 643 ad
749 599 1113 656 dispensationem
1167 594 1461 651 evangelicam
1512 598 1704 646 vocatus,
1757 595 1804 635 in

399 671 600 714 curandis
628 669 855 711 animabus
884 682 973 709 suae
1001 664 1243 707 vocationis
1272 663 1487 719 evangelii
1512 663 1803 704 ministerium

400 739 627 795 repudiare
669 752 757 779 non
801 734 1036 777 formidat?
1101 733 1180 774 Ait
1222 732 1337 773 enim
1379 731 1546 773 Auctor
1588 730 1804 786 evangeli-

402 807 560 849 zandi:
595 805 682 847 “Si
713 804 857 860 diligis
889 817 968 853 me,
998 815 1123 858 pasce
1161 815 1263 842 oves
1306 799 1460 841 meas.''
1518 799 1699 854 Propria
1730 799 1804 854 qui

401 878 582 917 vocante
612 873 845 915 divinitate
874 870 1084 927 pastionis
1105 868 1268 924 refugit
1290 867 1628 910 sollicitudinem
1656 881 1804 908 exsors

400 942 589 998 profecto
612 940 775 982 divinae
799 938 1042 981 dilectionis
1065 937 1380 993 comprobatur.
1445 935 1662 977 Dubitare
1683 934 1803 977 nefas

400 1013 466 1052 est
497 1010 603 1065 quin
634 1009 866 1064 impleatur
898 1006 1085 1048 officium
1129 1019 1258 1046 sacrae
1290 1004 1503 1060 pastionis
1536 1002 1698 1059 duplici
1729 1002 1805 1044 ho-

401 1092 505 1119 nore
543 1077 757 1118 divinitus
796 1074 1148 1131 dignificandum,
1180 1074 1215 1114 si
1257 1072 1394 1114 forma
1430 1072 1622 1128 pastoris,
1675 1086 1804 1126 quam

401 1149 615 1202 praerogat
650 1144 894 1185 infallibilis
931 1142 1156 1191 certitudo,
1197 1140 1481 1196 suscipiatur3
1516 1139 1721 1181 videlicet
1753 1142 1805 1181 ut

402 1228 499 1255 cum
540 1213 707 1267 Moyse,
745 1210 992 1267 pastoribus
1026 1209 1269 1251 animarum
1307 1208 1479 1264 speciali
1515 1207 1807 1264 praerogativa

403 1281 459 1322 ad
491 1280 736 1336 exemplum
765 1278 997 1335 proposito,
1024 1293 1139 1320 nunc
1170 1277 1430 1319 ascendatur
1454 1275 1510 1318 ad
1542 1276 1680 1317 otium
1707 1289 1806 1317 con-

404 1347 667 1403 templandae
689 1347 892 1388 veritatis
916 1346 1118 1395 immotae,
1141 1360 1258 1387 nunc
1284 1344 1571 1387 descendatur
1601 1344 1657 1385 ad
1677 1357 1808 1399 nego-

404 1416 517 1457 tium
549 1414 849 1470 impendendae
882 1414 1074 1455 caritatis
1105 1414 1151 1454 in
1182 1413 1390 1469 planitie,
1437 1413 1515 1454 has
1547 1412 1805 1454 ascendendi

404 1487 447 1525 et
476 1482 759 1525 descendendi
791 1482 904 1523 vices
932 1481 1257 1536 frequentando,
1287 1495 1393 1536 quas
1424 1481 1610 1523 Sanctus
1635 1480 1806 1536 Augus-

405 1551 524 1592 tinus
557 1550 638 1606 [in]
675 1550 786 1591 libro
819 1550 885 1591 De
918 1548 1112 1591 Civitate
1145 1549 1227 1590 Dei
1261 1552 1353 1590 tam
1387 1548 1608 1591 luculenta
1637 1549 1807 1591 ratione

404 1618 689 1674 prosequitur,
735 1617 811 1658 ubi
855 1617 970 1658 inter
1012 1620 1189 1659 caeteras
1242 1617 1295 1658 de
1339 1617 1418 1658 hac
1462 1631 1507 1658 re
1556 1617 1807 1673 disputatus

406 1686 497 1727 ait:
547 1685 729 1727 “Locus
764 1685 970 1741 superior,
1018 1685 1110 1726 sine
1144 1699 1228 1740 quo
1270 1686 1362 1740 regi
1402 1684 1587 1740 populus
1614 1699 1703 1725 non
1728 1699 1807 1740 po-

406 1758 428 1774 “
460 1756 548 1794 test
565 1769 574 1803 ;
603 1752 699 1794 ‘etsi
727 1753 791 1793 ita
817 1755 1021 1794 teneatur
1051 1755 1181 1807 atque
1219 1752 1551 1794 administratur
1581 1755 1633 1794 ut
1671 1752 1804 1803 decet,

404 1826 427 1841 “
461 1824 605 1861 tamen
667 1819 919 1861 indecenter
981 1821 1213 1875 appetitur.
1309 1820 1599 1871 Quamobrem
1667 1820 1806 1862 otium

405 1892 428 1910 ‘⁴
461 1891 657 1930 sanctum
695 1888 853 1943 quaerit
900 1888 1056 1929 caritas
1102 1888 1330 1939 veritatis3
1376 1888 1602 1944 negotium
1633 1888 1805 1943 justum

405 1960 428 1977 “
461 1955 641 2011 suscipit
672 1955 904 1997 necessitas
933 1955 1137 1997 caritatis,
1185 1956 1327 2008 Quam
1356 1956 1567 1998 sarcinam
1596 1957 1632 1998 si
1659 1957 1806 1998 nullus

409 2026 430 2045 “
461 2023 659 2078 imponit,
693 2023 980 2079 percipiendae
1032 2026 1163 2078 atque
1207 2024 1433 2066 intuendae
1464 2024 1709 2066 vacandum
1741 2028 1807 2067 est

408 2096 428 2112 “
461 2091 649 2132 veritati.
714 2091 761 2132 Si
808 2094 953 2132 autem
986 2091 1238 2147 imponitur,
1272 2092 1545 2148 suscipienda
1583 2095 1649 2134 est
1679 2107 1808 2149 prop-

410 2162 431 2179 “
463 2161 530 2199 ter
566 2158 761 2199 caritatis
798 2160 1107 2201 necessitatem.
1207 2159 1294 2201 Sed
1327 2175 1405 2202 nec
1436 2160 1498 2202 sic
1529 2160 1646 2202 omni
1677 2161 1806 2203 modo

408 2229 428 2246 “
462 2224 660 2267 veritatis
712 2225 941 2267 delectatio
995 2227 1231 2269 deserenda
1278 2232 1353 2279 est,
1403 2242 1457 2270 ne
1521 2228 1807 2270 subtrahatur

411 2298 432 2313 “
464 2292 539 2333 illa
585 2293 779 2334 suavitas
823 2296 868 2335 et
899 2295 1115 2350 opprimat
1145 2296 1230 2337 ista
1260 2296 1531 2338 necessitas.'’

470 2359 556 2401 Sed
593 2360 698 2414 quid
740 2361 940 2403 suasoriis
973 2362 1209 2405 immorer?
1291 2363 1429 2406 Credo
1475 2379 1648 2420 prorsus
1691 2365 1806 2420 quod

410 2427 481 2482 pia
525 2441 646 2468 mens
692 2428 739 2468 in
771 2443 897 2470 causa
929 2429 1118 2485 pietatis,
1154 2446 1282 2486 quam
1330 2435 1468 2474 tantae
1515 2432 1669 2473 salutis
1714 2436 1806 2474 tam

409 2494 524 2536 clara
567 2495 682 2550 cogit
714 2496 944 2547 evidentia,
979 2498 1060 2539 sibi
1093 2499 1247 2541 melius
1283 2514 1360 2556 per
1392 2500 1706 2556 irrefragabiles
1744 2501 1806 2542 di-

408 2562 610 2603 vinorum
663 2563 930 2619 eloquiorum
980 2567 1229 2617 sententias,
1281 2567 1455 2610 Christo
1505 2568 1802 2624 magistrante,

407 2630 689 2685 persuadebit.
752 2631 906 2674 Valeat
937 2637 1092 2676 vestrae
1125 2635 1378 2685 dilectioniS,
1411 2639 1485 2678 etc.
