1905 3180
233 1969 305 2001 The
317 1975 446 2011 greater

240 2014 296 2045 the
311 2015 393 2046 diffi-

241 2058 331 2099 culty
347 2059 402 2091 the

239 2111 331 2133 more
347 2103 417 2144 glo-

242 2145 330 2177 rious
347 2148 401 2180 the

241 2198 406 2233 conquest.

460 269 546 311 482
938 274 1043 307 ADAE
1076 276 1138 307 DE
1167 272 1364 308 MAmsco

462 399 486 419 “
518 397 583 435 est
602 393 623 408 ''
646 396 690 434 et
712 392 925 448 adjungit,
972 393 1060 432 “et
1092 391 1162 433 vir
1198 390 1227 432 J
1232 391 1319 432 uda
1360 391 1645 434 desiderabile
1686 408 1858 449 germen

465 469 485 485 ‘⁴
519 460 661 517 ejus.”1
708 461 767 501 Et
784 460 890 515 quid
912 462 976 502 est
991 459 1144 501 domus
1166 459 1196 501 J
1199 459 1288 500 uda
1308 460 1393 500 nisi
1416 460 1593 502 ecclesia
1607 461 1797 516 Domini,
1813 469 1855 507 et

462 530 567 586 quid
590 530 660 570 vir
687 528 717 569 J
720 528 808 568 uda
833 528 919 569 nisi
942 527 1141 569 Christus
1164 527 1409 569 Dominus?
1477 528 1622 585 Igitur
1654 530 1854 574 adversus

463 598 683 640 ecclesiam
714 596 906 648 Domini,
940 598 984 637 et
1023 596 1229 637 adversus
1262 595 1485 638 Christum
1518 597 1621 653 ejus,
1654 599 1857 642 moderna

463 665 706 723 persecutio
760 664 886 705 solito
940 663 1241 705 vehementior
1287 664 1458 706 efferari
1511 666 1774 722 conspicitur
1812 668 1857 710 in

464 736 632 777 duobus
668 732 836 789 gladiis,
874 732 1089 773 materiali
1123 747 1177 774 sc.
1211 734 1255 773 et
1287 732 1515 787 spirituali,
1549 734 1747 790 vulpium
1778 737 1857 778 cal-

463 804 637 845 liditate
679 801 929 857 conjunctis,
964 800 1166 842 videlicet
1208 803 1455 842 astutorum
1498 801 1704 845 Sathanae
1736 805 1859 846 satel-

464 872 607 923 litum,
651 869 900 911 clericatum
953 872 1207 924 arroganter
1258 869 1572 924 profitentium,
1615 874 1660 912 et
1702 871 1857 914 clerum

464 939 716 981 immaniter
757 937 1119 993 persequentium,
1160 937 1328 993 jugiter
1369 952 1475 992 quos
1509 941 1667 980 conatu
1708 939 1857 983 callido

464 1006 809 1048 machinantium
868 1005 1137 1060 imperialem
1195 1005 1396 1047 seducere
1448 1006 1764 1059 celsitudinem,
1815 1011 1857 1051 et

465 1076 744 1117 sanctitatem
786 1074 1097 1116 circumvenire
1138 1074 1461 1115 sacerdotalem.
1540 1075 1725 1117 Proinde
1766 1076 1858 1132 quis
1904 1092 1905 1095 ¹

464 1144 626 1200 poterit
673 1142 889 1184 {estimare
934 1141 1166 1183 discrimen
1197 1142 1243 1182 in
1276 1157 1336 1191 eo,
1371 1142 1487 1197 quod
1518 1157 1608 1184 una
1638 1157 1735 1185 cum
1766 1158 1857 1199 pro-

464 1213 559 1268 prio
605 1211 723 1251 dirus
765 1210 900 1251 hostis
937 1210 1076 1251 civem
1118 1209 1363 1251 modestum
1406 1211 1454 1251 in
1486 1210 1634 1266 gladio
1688 1215 1857 1255 excorto

465 1295 540 1335 per
575 1279 779 1320 hostilem
813 1292 991 1319 manum
1025 1279 1077 1319 de
1114 1293 1248 1319 manu
1284 1278 1402 1320 civili
1434 1278 1626 1320 letaliter
1656 1279 1857 1323 invadere
1904 1298 1905 1304 ¹

465 1363 551 1389 non
594 1347 801 1389 desistit?
883 1347 941 1387 Et
974 1346 1079 1402 quid
1110 1347 1147 1388 31
1190 1347 1409 1388 ccelestem
1451 1347 1695 1402 potentiam
1727 1348 1857 1404 gladii

465 1415 705 1471 spiritualis
737 1414 876 1456 solum
909 1415 1187 1470 impugnaret
1218 1415 1354 1470 gladii
1386 1415 1625 1457 materialis
1666 1417 1858 1472 potentia

466 1483 692 1536 3100010113,
717 1498 813 1539 (11110
845 1484 958 1525 ratio
991 1487 1135 1540 posset
1167 1498 1256 1526 esse
1287 1483 1581 1525 formidandi?

1031 1673 1134 1716 CAP.
1169 1673 1288 1715 XLI.

467 1789 675 1844 Qualiter
706 1789 858 1845 {floria
900 1789 1132 1845 triumphi
1178 1789 1231 1831 cle
1267 1789 1367 1845 jum
1401 1789 1525 1832 dicta
1560 1789 1857 1846 persecutione

641 1858 884 1916 quamlibet
905 1857 1150 1901 vehementi
1172 1857 1406 1901 flavianus
1438 1857 1671 1902 obtinetur.

522 1961 687 2004 Verum
719 1975 815 2002 cum
862 1961 1046 2016 publica}
1090 1961 1297 2016 potestati
1343 1963 1536 2016 potestas
1582 1961 1857 2003 ecclesiastica

463 2030 666 2086 praesidio
717 2029 869 2070 existit
921 2029 977 2070 ad
1029 2028 1361 2084 confligendum,
1405 2029 1502 2083 quis
1553 2029 1657 2071 belli
1697 2029 1856 2085 pondus

464 2098 709 2149 sustinebit,
748 2098 833 2138 nisi
868 2112 996 2152 quem
1049 2097 1197 2138 firmat
1250 2100 1294 2138 et
1346 2097 1498 2152 dirigit
1541 2096 1739 2139 Christus
1779 2096 1855 2139 Dei

462 2167 604 2207 virtus
641 2170 686 2207 et
720 2166 803 2207 Dei
836 2165 1049 2221 sapientia
1086 2164 1131 2221 [i.
1168 2164 1261 2207 Gor.
1296 2165 1353 2220 i.]‚
1386 2169 1409 2187 “
1442 2164 1612 2221 sapiens
1656 2165 1777 2207 corde
1815 2166 1855 2206 et

462 2234 587 2276 fortis
628 2234 780 2275 robore
796 2234 816 2249 ''
857 2233 966 2290 [Job
1003 2233 1114 2289 ix.]2
1176 2233 1309 2274 Porro
1348 2236 1512 2287 quanto
1556 2233 1770 2275 difficilius
1798 2235 1856 2275 est

462 2305 680 2344 certamen
714 2302 869 2358 proelii,
912 2305 1040 2343 tanto
1076 2301 1305 2357 preciosior
1338 2304 1403 2342 est
1434 2301 1582 2343 laurea
1618 2301 1854 2356 triumphi3

462 2374 505 2412 et
562 2371 657 2426 quis
719 2373 783 2411 cst
823 2371 941 2411 locus
1003 2370 1236 2410 haesitandi
1291 2369 1343 2410 de
1394 2369 1628 2425 triumpho,
1671 2370 1747 2411 ubi
1786 2367 1854 2424 qui

461 2439 638 2480 haesitat
680 2439 726 2479 in
767 2438 984 2493 adjutorio
1031 2438 1247 2479 Altissimi
1289 2438 1612 2493 perseverantia
1653 2437 1772 2479 finali
1801 2435 1853 2477 le-

463 2506 606 2561 gitimi
638 2507 886 2548 certaminis
920 2507 1069 2562 Ipsum
1101 2506 1312 2548 veraciter
1342 2506 1467 2547 audit
1499 2506 1850 2548 annuntiantem:

464 2579 487 2596 “
521 2574 683 2615 Beatus
714 2574 791 2624 vir,
819 2575 894 2629 qui
937 2574 1091 2615 suffert
1135 2566 1494 2630 temptationem3
1527 2574 1731 2629 quoniam
1762 2584 1850 2614 cum

465 2646 486 2664 “
518 2642 727 2697 probatus
761 2642 905 2691 fuerit,
949 2643 1132 2698 accipiet
1174 2656 1375 2685 coronam
1408 2643 1527 2695 vitae,
1563 2657 1693 2699 quam
1719 2652 1852 2699 repro-

465 2713 488 2732 “
521 2710 642 2751 misit
664 2710 783 2751 Deus
806 2710 1090 2766 diligentibus
1113 2725 1155 2752 se
1173 2713 1188 2753 2
1206 2709 1227 2726 '²

507 2845 572 2875 ¹In
601 2845 656 2875 the
698 2844 826 2885 margin
865 2845 897 2875 in
922 2845 977 2876 the
1009 2856 1097 2879 same
1128 2847 1216 2880 hand
1240 2857 1274 2880 as
1298 2852 1369 2880 text
1392 2847 1492 2890 a[lia]
1520 2846 1695 2889 l[ectione]
1732 2849 1760 2876 et
1791 2841 1849 2875 viri

460 2896 551 2930 Jacla
566 2907 614 2939 yet
622 2907 687 2929 men
701 2896 788 2938 Ejus
803 2895 992 2930 delectabile.
