1905 3180
664 240 901 275 EPISTOLAE.
1396 234 1475 274 2251

81 362 125 399 et
158 356 516 412 omnipotentiam
553 357 748 399 Creatori
780 356 1063 412 rependamus
1096 356 1356 397 incessanter
1387 370 1483 396 cum

82 426 166 466 illis
198 425 249 466 de
293 425 449 479 quibus
496 425 612 466 canit
653 428 743 466 tam
791 424 1067 479 solempniter
1115 424 1313 465 ccclesia:
1386 428 1407 444 “
1431 423 1485 462 In

83 498 105 513 “
138 492 312 547 hymnis
340 496 384 533 et
416 491 750 533 confessionibus
780 491 1094 532 benedicebant
1128 491 1375 537 Dominum,
1411 489 1483 543 qui

85 563 107 581 “
138 575 295 615 magna
325 559 426 600 fecit
462 560 507 599 in
542 559 688 607 Israel,
728 562 771 600 et
803 558 1029 600 victoriam
1062 558 1181 598 dedit
1212 558 1296 598 illis
1339 557 1486 598 Domi-

86 634 107 652 “
139 641 220 668 nus
251 625 570 682 Omnipotens.''
646 626 894 681 Nunquam,
928 640 1012 676 oro,
1049 624 1368 666 clementissimi
1399 639 1487 665 cor-

84 694 148 735 dis
180 694 387 736 catholica
429 694 761 750 magnanimitas
794 693 947 734 horum
980 692 1190 733 sustineat
1228 691 1430 732 oblivisci.

146 761 359 803 Dominus
389 777 478 813 rex,
503 762 702 803 dominus
734 760 1083 815 archiepiscopus,
1117 759 1291 800 domina
1326 759 1484 814 regina,
1507 764 1577 796 The
1594 764 1676 805 king

89 829 136 870 R.
160 844 309 877 comes,
343 829 543 870 dominus
577 829 729 870 Petrus
772 828 823 869 de
861 827 1088 876 Sabaudia,
1113 827 1341 881 caeterispie
1383 841 1487 867 non-
1505 809 1644 893 ἓξξῑῖἰῗξ,

84 896 194 937 nulli
230 896 507 952 praelatorum
540 902 583 938 et
632 910 853 951 procerum
886 910 987 950 erga
1030 909 1254 950 personam
1297 898 1485 935 vestram
1504 897 1672 946 benerin-

86 964 131 1004 in
157 963 327 1019 Anglia,
362 964 472 1005 sicut
506 978 560 1005 ex
597 962 872 1005 evidentibus
906 977 1151 1004 sermonum
1188 961 1356 1002 indiciis
1390 941 1660 1015 c‹)11-t⁰111¹0¹¹{}r¹1⁰

79 1031 157 1086 jici
192 1035 345 1087 potest,
379 1031 505 1086 longe
535 1031 790 1072 sereniorem
822 1031 958 1081 solito,
994 1030 1051 1071 sit
1082 1029 1337 1071 benedictus
1370 1029 1487 1069 Deus
1503 1029 1581 1060 than
1600 1028 1668 1059 for-

87 1098 201 1155 pacis
232 1102 276 1140 et
307 1098 556 1148 dilectionis,
591 1101 875 1153 conceperunt
911 1096 1266 1139 benevolentiam.
1506 1073 1621 1113 merly.

147 1165 258 1208 Cum
289 1165 527 1207 liberaliter
559 1166 829 1207 concessisset
860 1165 1101 1206 carissimus
1143 1168 1264 1220 pater
1306 1163 1488 1205 fratrum
1508 1169 1666 1211 G1·eg.de

87 1234 316 1285 minorum,
360 1233 532 1289 Angliae
584 1233 790 1284 minister,
834 1236 885 1273 ut
935 1232 1089 1273 Frater
1145 1232 1377 1287 Gregorius
1437 1232 1489 1272 de
1508 1214 1718 1289 ffg'tsiltltecffi‘

90 1301 240 1350 Bosell,
284 1300 408 1342 vobis
445 1305 489 1342 et
522 1301 676 1342 vestris
709 1300 755 1341 in
798 1299 971 1342 Christo
1012 1299 1295 1348 fidelissimus
1329 1298 1384 1339 ad
1417 1313 1491 1339 vos
1508 1302 1563 1334 the
1580 1301 1647 1333 earl
1663 1306 1697 1332 at

89 1368 237 1410 venire
259 1368 511 1410 acceleraret
533 1367 665 1422 juxta
685 1367 800 1422 quod
821 1367 995 1408 domina
1017 1366 1232 1407 comitissa
1253 1365 1491 1421 requisivit,
1509 1350 1649 1387 present.

91 1435 296 1491 quoniam
337 1450 414 1491 ego
443 1436 626 1477 instanti
658 1449 772 1476 anno
808 1434 997 1475 lecturus
1036 1433 1218 1475 Oxoniae
1247 1433 1493 1474 nullatenus

91 1504 273 1545 evadere
306 1503 428 1559 potui
460 1503 574 1558 quin,
609 1517 811 1558 suspensa
841 1501 1033 1551 lectione,
1066 1501 1238 1542 domino
1270 1500 1493 1556 archiepis-

92 1585 196 1626 copo
230 1570 478 1613 Cantuariae
510 1570 762 1620 assisterem,
787 1569 870 1610 nisi
911 1584 987 1625 per
1028 1569 1205 1610 fratrem
1240 1568 1493 1624 Gregorium

93 1637 298 1680 absentiae
329 1652 436 1680 meae
469 1638 659 1679 desectus
695 1637 976 1693 suppleretur,
1016 1651 1111 1678 cum
1149 1651 1307 1692 magna
1340 1636 1392 1677 de
1422 1635 1494 1677 be-

93 1706 320 1761 nignitatis
351 1709 507 1747 vestrae
544 1705 797 1747 discretione
833 1704 990 1745 fiducia
1032 1704 1281 1745 ordinatum
1324 1707 1400 1752 est,
1444 1706 1495 1744 ut

96 1764 175 1824 sne,
198 1773 431 1815 secundum
467 1773 582 1828 quod
611 1773 824 1814 Dominus
856 1771 1036 1821 dederit,
1060 1771 1335 1826 impendente
1358 1770 1497 1811 erudi-

97 1840 259 1881 tionem
293 1840 488 1891 Oxoniae,
526 1843 790 1881 memora-tus
828 1839 982 1880 Frater
1017 1838 1246 1894 Gregorius
1280 1841 1366 1879 stet
1402 1852 1498 1878 cum

98 1907 278 1962 praefato
301 1907 475 1948 domino
506 1906 783 1957 Cantua-riae3
816 1906 933 1947 unde
957 1906 1091 1947 dilata
1125 1909 1190 1947 est
1223 1906 1278 1946 ad
1314 1919 1500 1960 praesens

99 1974 190 2029 ejus
226 1975 282 2015 ad
313 1988 391 2015 vos
424 1974 639 2029 profectio,
677 1973 897 2029 impleturi
934 1988 1009 2028 per
1043 1972 1124 2014 Dei
1152 1973 1336 2028 gratiam
1372 1973 1502 2013 bene-

99 2042 303 2097 placitum
325 2041 459 2083 vestri
481 2041 776 2097 opportuniori
807 2044 1008 2096 tempore.
1062 2040 1133 2081 Ab
1155 2040 1320 2094 aliquot
1351 2039 1502 2081 diebus

100 2109 266 2150 intimis
298 2108 532 2150 visceribus
561 2108 747 2164 flagrans
778 2108 1046 2156 desiderium,
1082 2111 1131 2148 ut
1165 2122 1295 2162 spero,
1320 2107 1499 2155 coelitus,

97 2175 273 2231 concepi
299 2175 568 2217 desiderabili
595 2176 838 2217 serenitatis
859 2179 1015 2217 vestrae
1041 2175 1126 2216 frui
1158 2175 1375 2229 colloquio,
1406 2189 1503 2216 con-2

101 2244 238 2285 fidens
270 2243 321 2284 de
352 2244 494 2299 gratia
533 2243 853 2284 clementissimi
888 2242 1136 2291 salvatoris,
1171 2242 1286 2297 quod
1326 2257 1401 2298 per
1436 2242 1504 2282 in-

102 2310 351 2352 violabilem
382 2310 483 2352 fidei
513 2314 668 2351 vestrae
711 2310 996 2357 serenitatem,
1040 2310 1303 2364 adjutorium
1345 2310 1505 2365 pariter

105 2380 149 2419 et
179 2378 413 2427 consilium,
452 2378 635 2433 peccatis
677 2378 783 2419 meis
824 2392 908 2419 non
942 2377 1261 2428 obsistentibus
1295 2377 1506 2418 divinitus

104 2444 391 2500 praestabitur,
426 2449 477 2486 ut
513 2460 588 2500 per
615 2445 732 2485 viam
766 2444 1037 2486 rectitudinis
1073 2445 1291 2500 proficiam
1328 2445 1383 2485 ad
1415 2448 1505 2486 tam

107 2512 182 2553 diu
216 2512 473 2567 suspiratam
517 2512 631 2567 pacis
665 2512 825 2554 divinae
856 2512 1116 2554 felicitatem.
1181 2512 1300 2553 Licet
1333 2527 1408 2567 per
1444 2512 1507 2552 in-

108 2578 320 2620 effabilem
352 2580 466 2620 illius
497 2580 781 2630 clementiam,
814 2579 934 2634 cujus
965 2580 1184 2634 proprium
1221 2582 1285 2620 est
1316 2578 1507 2619 misereri

103 2660 274 2702 semper
317 2649 360 2688 et
405 2661 589 2702 parcere,
620 2647 858 2687 coelestium
909 2646 1276 2687 illuminationum
1328 2649 1509 2686 eventus

107 2713 352 2755 miraculosi
383 2713 530 2755 orbem
561 2713 856 2755 Christianum
902 2712 969 2753 his
1001 2713 1152 2754 diebus
1181 2712 1509 2763 laetificaverint,

110 2783 257 2822 tamen
300 2781 533 2836 plurimum
581 2780 899 2821 formidandum
932 2780 1021 2821 fore
1052 2780 1250 2831 creditur,
1284 2780 1397 2833 quod
1427 2780 1510 2819 nisi

112 2847 204 2889 vias
233 2862 330 2889 suas
358 2848 566 2890 catholica
595 2847 787 2890 fidelium
819 2846 1043 2889 nationum
1076 2860 1171 2889 cum
1205 2846 1344 2901 dignis
1375 2847 1511 2901 penni-
