1905 3180
428 238 512 281 262
907 240 1012 271 ADAE
1045 239 1106 270 DE
1136 236 1332 269 MAR1sco

424 369 600 411 Talibus
656 367 770 410 enim
828 366 979 407 hostiis
1030 366 1298 420 promeretur
1355 362 1503 412 Deus3
1560 359 1675 415 quod
1734 363 1756 382 “
1788 355 1824 399 si

427 442 448 459 “
481 436 696 479 Dominus
741 449 819 491 pro
863 434 989 476 nobis
1032 433 1130 488 quis
1167 434 1320 473 contra
1359 443 1438 471 nos
1455 428 1493 471 2⁷²
1569 428 1824 471 Recolamus

424 505 720 547 indesinenter
760 501 1144 559 vigilantissimam
1183 499 1267 541 Dei
1303 497 1672 554 dispensationem
1714 496 1825 537 circa

423 574 622 615 divinum
653 572 911 629 prophetam
953 568 1207 625 Helyseum,
1241 567 1320 617 cui,
1365 567 1465 622 quia
1506 566 1707 608 timorem
1741 564 1824 606 Dei

422 657 509 683 non
550 641 747 689 deseruit,
796 640 936 695 ipsum
980 638 1034 679 ab
1081 637 1307 678 hominum
1349 635 1503 676 timore
1534 633 1718 689 eripiens
1758 647 1826 673 su-

421 725 555 765 perna
586 708 805 765 protectio,
837 723 934 750 eum
978 709 1244 748 armatorum
1287 707 1436 746 contra
1479 703 1687 744 inermem
1725 715 1825 742 con-

421 779 622 833 spirasset
668 776 845 824 saevitia,
879 777 1117 817 castrorum
1148 772 1387 815 coelestium
1419 772 1566 827 igneas
1597 771 1706 812 acies
1747 783 1826 811 nu-

421 860 606 887 merosas
637 845 688 886 ad
724 843 1067 885 subveniendum
1100 841 1343 883 destinavit.

482 913 707 955 Breviavit
729 912 955 967 epistolam
985 910 1175 952 brevitas
1201 908 1416 965 temporis.
1479 907 1631 963 Nuper
1658 905 1827 962 scripsit

421 982 545 1023 vobis
562 981 762 1022 dominus
786 979 1034 1022 Lincolniae.
1090 978 1250 1033 Scripsi
1272 977 1406 1018 etiam
1432 979 1476 1018 et
1505 991 1592 1032 ego.
1630 975 1824 1023 Studeat,

422 1065 506 1101 oro,
539 1052 694 1091 vestrae
742 1046 1010 1089 discretionis
1057 1046 1283 1102 diligentia
1330 1060 1426 1086 cum
1459 1044 1615 1085 effectu
1650 1043 1825 1083 Divinae

421 1118 649 1166 voluntati,
681 1116 913 1158 secundum
959 1114 1074 1170 quod
1107 1113 1267 1156 litterae
1298 1113 1537 1169 praeferunt
1572 1112 1826 1153 incunctan-

422 1189 498 1234 ter,
533 1184 735 1227 adhibere
768 1198 1030 1226 consensum.
1096 1181 1329 1223 Molestum
1362 1185 1427 1223 est
1458 1179 1573 1236 quod
1599 1182 1826 1235 postquam

421 1254 559 1309 recepi
589 1253 783 1294 litteram
815 1254 1004 1294 vestram
1054 1250 1219 1292 dudum
1268 1249 1519 1298 confectam,
1563 1262 1689 1303 super
1720 1247 1827 1288 desi-

422 1320 603 1363 derabili
666 1325 804 1363 status
867 1320 1003 1362 vestri
1069 1318 1365 1374 prosperitate,
1419 1332 1545 1372 quem
1605 1318 1828 1357 conservet

422 1389 682 1445 sempiterna
713 1389 941 1437 miseratio,
976 1387 1279 1430 certitudinem
1312 1386 1477 1427 nullam
1508 1384 1665 1426 audivi.

483 1456 650 1509 Valeat,
686 1472 769 1503 oro,
800 1460 956 1498 vestrae
984 1455 1227 1497 serenitatis
1253 1454 1487 1496 secundum
1514 1453 1733 1494 hominem
1759 1454 1828 1493 ut-

425 1540 605 1581 rumque
650 1525 935 1576 incolumitas,
968 1524 1014 1565 in
1060 1523 1234 1566 Christo
1279 1537 1444 1578 semper
1487 1525 1530 1563 et
1580 1520 1829 1563 beatissima

427 1594 619 1650 Virgine.

1009 1781 1255 1825 CXXXVI.

428 1907 614 1954 illustri
660 1909 770 1961 υἱνο,
820 1908 1008 1950 (lomim)
1044 1908 1088 1951 S.
1156 1907 1295 1950 'omiti
1343 1904 1613 1962 Leyeestm'w,
1670 1906 1829 1948 Frater

547 1976 655 2021 Aelio
684 1977 875 2020 salutem
907 1981 945 2019 ct
974 1976 1198 2032 spiritmn
1238 1975 1459 2018 salutaris
1503 1973 1689 2017 consilii
1724 1989 1828 2016 cum

550 2046 727 2103 spirita
758 2044 941 2088 invicta}
956 2043 1274 2100 fortitudinis.

207 2176 397 2252 nemon-‘l
493 2172 548 2213 In
580 2172 687 2215 festo
729 2171 807 2214 Sti.
846 2171 1047 2228 Dionysii
1091 2170 1275 2227 putabat
1321 2185 1364 2213 se
1407 2169 1623 2214 comitissa
1668 2169 1825 2212 lectum

205 2226 411 2296 {tlzaffssffffni
429 2241 642 2297 puerperii
687 2256 1018 2290 conscensuram‚
1064 2240 1261 2296 quamvis
1303 2255 1391 2282 non
1434 2240 1544 2281 sicut
1575 2238 1829 2294 conjiciebat

204 2309 394 2384 ξὲζίῗὶὲξγὲἢ-
429 2309 519 2350 dies
569 2308 765 2364 pariendi
816 2309 1071 2351 advenisset.
1168 2309 1363 2364 Cumque
1425 2308 1673 2364 loqueretur
1719 2306 1827 2347 mihi

204 2397 284 2428 with
300 2396 370 2428 him
429 2377 604 2418 domina
650 2391 775 2432 super
812 2376 873 2426 iis,
911 2392 1006 2432 quie
1053 2380 1097 2419 et
1136 2377 1271 2419 vestri
1314 2381 1358 2418 et
1402 2376 1468 2418 sui
1510 2378 1601 2417 tam
1645 2374 1827 2416 salutem

203 2440 374 2526 Ξῖΐγῧῇῗὲ·
427 2459 657 2500 perennem
717 2459 845 2499 quam
901 2448 1063 2486 statum
1115 2445 1397 2501 temporalem
1455 2439 1728 2499 contingunt,
1783 2445 1828 2484 et

205 2529 315 2560 Priest
331 2529 369 2560 of
424 2513 542 2554 inter
587 2512 671 2553 alia
716 2512 825 2554 mihi
875 2513 1134 2555 innotuisset
1182 2513 1296 2569 quod
1339 2512 1549 2554 vicarium
1587 2511 1827 2553 cancel-larii

203 2572 380 2607 Hodiham,
427 2579 592 2629 Sarum,
625 2580 822 2621 curandis
847 2581 1072 2622 animabus
1111 2581 1297 2623 ecelesiae
1334 2580 1386 2622 de
1413 2579 1635 2621 Hodiham
1665 2579 1828 2635 obliga—

204 2655 276 2689 Oct.
294 2657 361 2690 9th.
426 2652 533 2697 tum,
557 2647 779 2689 vobiscum
805 2649 1035 2690 duxissetis
1058 2649 1325 2697 vasconiam,
1350 2649 1532 2689 miratus
1561 2662 1655 2688 suni
1677 2661 1827 2702 quam-

426 2716 661 2772 plurimum
716 2731 792 2772 pro
834 2732 883 2757 eo
928 2717 1041 2771 quod
1089 2732 1184 2758 cum
1232 2717 1419 2772 periculo
1463 2715 1690 2757 manifesto
1733 2718 1825 2755 tam

426 2784 752 2826 innumerabilis
778 2784 934 2840 populi,
964 2785 1034 2826 vel
1063 2786 1118 2826 ad
1146 2788 1317 2841 tempus
1343 2784 1521 2826 viduare
1553 2782 1824 2825 consensistis

427 2853 586 2894 dictam
630 2852 845 2893 ecclesiam
893 2852 1008 2894 dieto
1043 2853 1213 2903 vicario,
1260 2868 1335 2909 per
1382 2851 1697 2894 immutabilem
1740 2849 1825 2891 Dei
