1905 3180
661 231 897 261 EPISTOLAE.
1393 222 1442 260 11
1451 221 1477 264 7

82 345 295 392 domatur,
341 346 393 385 ut
423 344 503 385 fiat
536 344 701 385 ordinis
735 345 959 386 reformati
1002 345 1133 387 beata
1164 347 1472 401 tranquillitas.

84 411 313 466 Numquid
334 411 568 466 aliquando
595 416 639 454 et
671 428 759 453 non
791 413 1070 468 perenniter:
1108 418 1129 435 “
1148 413 1294 462 Ecce‚''
1319 414 1477 469 inquit,

85 485 105 500 ·‘
131 479 355 520 vobiscum
390 494 485 519 sum
528 494 663 534 usque
706 480 762 520 ad
811 480 1228 522 consummationem
1277 483 1476 523 saeeuli2'’

84 546 155 588 Sit
185 546 519 587 clementissimo
563 546 647 588 Dei
686 547 797 589 Filio
829 548 1222 602 supeisaeculariter
1265 549 1481 590 altissima

81 613 337 656 benedictio,

142 680 365 723 Concessit
407 681 617 723 divinita-s
658 682 850 737 propitia
879 697 956 737 per
996 682 1191 723 sedulam
1233 684 1480 726 sanctitatis

79 751 237 791 vestrae
299 749 509 804 pietatem
571 750 710 791 sedari
772 750 1112 791 commotionum
1173 751 1372 793 turbines
1432 752 1480 793 in

80 816 369 858 universitate
418 817 613 866 Oxoniae,
660 817 717 858 ad
772 817 978 858 honorem
1024 817 1107 858 Dei
1150 822 1194 859 et
1236 819 1478 860 utilitatem

80 884 363 925 studentium.
428 885 675 925 Plurimum
722 884 849 925 credo
890 885 981 926 fore
1015 885 1284 927 salutiferam
1325 887 1476 929 visita-

79 951 246 992 tionem
279 966 409 1006 quam
440 952 487 992 in
519 952 647 993 domo
681 952 938 994 Godestowe
970 952 1064 993 fieri
1096 953 1265 995 fecistis.
1325 954 1477 996 Pater-

78 1019 236 1060 nitatis
264 1022 422 1061 vcstrae
452 1019 790 1060 sollicitudinem
815 1020 993 1075 largitio
1025 1020 1178 1061 divina
1202 1021 1475 1064 remuneret.¹

79 1086 168 1127 Vos
211 1087 366 1128 melius
409 1087 548 1128 nostis
595 1087 740 1141 qualia
784 1087 1056 1141 frequentius
1099 1093 1382 1143 reportantur
1425 1091 1478 1132 de

76 1153 436 1209 inquisitionibus
466 1153 592 1195 factis
623 1169 699 1210 per
720 1155 913 1209 capitula
943 1155 1106 1196 ruralia
1137 1171 1265 1211 super
1295 1172 1480 1212 praesen-

78 1222 323 1264 tationibus
345 1237 383 1277 q.
417 1255 423 1263 .
456 1221 484 1263 ,²³
506 1236 697 1277 cumque.
741 1222 930 1263 Videtur
951 1226 1098 1263 autem
1121 1224 1229 1264 mihi
1250 1225 1360 1266 bene
1381 1240 1480 1280 pro-

77 1304 241 1331 cessum
283 1304 371 1330 esse
404 1290 450 1329 in
480 1289 593 1331 facto
625 1289 858 1331 sacerdotis
901 1291 1153 1345 praesentati
1183 1292 1239 1332 ad
1270 1292 1478 1333 vicariam

76 1357 130 1398 de
163 1357 469 1405 Blokkesham‚
494 1357 569 1411 qui
591 1360 642 1397 ut
664 1371 717 1398 ex
750 1357 965 1412 probabili
997 1358 1234 1399 assertione
1256 1360 1399 1414 accepi
1431 1360 1478 1401 in

77 1424 311 1479 Hybernia
341 1424 537 1466 sacerdos
569 1424 795 1465 ordinatus
818 1428 895 1475 est,
917 1439 1005 1465 non
1026 1425 1123 1480 plus
1145 1427 1312 1468 circiter
1332 1427 1478 1469 decem

76 1492 201 1533 annis
244 1492 524 1548 postmodum
559 1491 724 1547 elapsis.
794 1492 853 1533 Et
885 1492 982 1534 ideo
1015 1493 1159 1548 ipsum
1193 1494 1249 1535 ad
1283 1498 1477 1536 vestram

74 1560 405 1615 requisitionem
427 1559 588 1600 factam
619 1560 666 1600 in
682 1559 781 1614 jure
812 1574 941 1614 super
962 1574 1040 1601 sua
1070 1561 1347 1603 ordinatione
1378 1577 1477 1604 con-

76 1630 166 1669 stat
207 1627 443 1669 mentitum
475 1641 574 1676 esse,
617 1630 770 1683 utpote
807 1628 935 1683 plane
967 1628 1184 1670 dicentem
1221 1645 1265 1671 se
1307 1631 1480 1672 ordina-

75 1699 171 1736 tum
202 1695 331 1737 fuisse
362 1695 409 1735 in
438 1695 704 1737 sacerdotem
736 1711 762 1736 a
793 1695 968 1737 domino
1001 1696 1157 1738 Sarum
1180 1701 1373 1753 tempore
1403 1714 1480 1740 an-

74 1763 295 1804 tecessoris
322 1763 469 1805 vestri.
535 1762 723 1804 Consulo
755 1777 859 1804 vero
890 1767 942 1804 ut
973 1765 1056 1804 nisi
1087 1766 1340 1807 renunciare
1371 1767 1480 1808 velit

67 1830 161 1886 juri
178 1830 293 1886 quod
313 1830 471 1872 habere
492 1830 678 1880 videtur,
703 1830 962 1871 omnimodis
979 1836 1234 1887 prorogetur
1253 1834 1478 1888 negotium

77 1899 170 1953 ejus
213 1913 348 1953 usque
392 1900 493 1954 post
536 1898 710 1939 instans
753 1898 899 1939 natale
936 1898 1126 1948 Domini,
1159 1903 1238 1940 aut
1269 1901 1317 1941 in
1348 1915 1474 1942 omne

77 1970 251 2021 tempus
297 1980 373 2021 per
420 1965 696 2021 exceptiones
741 1980 837 2020 quae
881 1965 1103 2007 abundare
1146 1972 1472 2023 cognoscuntur.

77 2034 212 2089 Spero
249 2034 365 2074 enim
399 2033 516 2088 quod
562 2033 776 2074 Dominus
810 2033 933 2075 dabit
982 2036 1336 2090 opportunitates
1376 2050 1478 2077 con-

76 2115 206 2157 gruas
237 2100 471 2156 repellendi
504 2100 797 2156 pestilentem,
833 2102 1067 2156 quominus
1110 2102 1325 2159 irrumpat
1357 2118 1476 2145 sanc-

76 2168 270 2210 tuarium
303 2168 396 2210 Dei.
461 2168 742 2210 Insinuatum
789 2173 852 2210 est
894 2170 1001 2211 mihi
1032 2171 1148 2226 quod
1178 2171 1478 2214 fornicationis

75 2235 240 2292 prolem
272 2235 549 2277 suscitaverit
580 2236 628 2277 in
650 2236 757 2277 villa
789 2251 884 2291 quae
917 2237 1076 2279 dicitur
1109 2239 1314 2282 Bereford
1347 2255 1477 2296 prope

79 2303 381 2352 Blokkesham,
416 2318 512 2345 cum
556 2304 718 2345 ibidem
751 2305 902 2346 divina
945 2306 1226 2357 ministraret,
1271 2308 1477 2350 infamem

76 2371 269 2413 obscenae
292 2371 633 2413 conversationis
654 2373 793 2413 vitam
824 2387 955 2429 agens
987 2378 1089 2416 ante
1110 2390 1248 2430 pauca
1268 2379 1476 2432 tempora.

149 2438 205 2480 Id
251 2439 368 2494 quod
411 2439 612 2481 auditum
657 2444 723 2482 est
769 2440 822 2482 de
874 2441 1037 2484 vicario
1080 2443 1267 2486 ecclesiae
1322 2444 1473 2486 Sancti

79 2506 225 2563 Egidii
272 2507 432 2549 multos
472 2508 593 2550 misit
624 2508 672 2549 in
717 2509 1063 2552 admirationem.
1161 2511 1276 2553 Item
1323 2513 1473 2568 scripsi

77 2589 166 2616 non
206 2575 298 2616 sine
343 2575 513 2617 damnis
543 2576 876 2618 imminentibus
907 2579 1141 2634 ancipitem
1172 2580 1360 2635 pendere
1402 2596 1476 2621 ex-

78 2642 370 2697 pectationem
421 2642 469 2684 in
515 2643 893 2686 administratione
950 2645 1080 2700 plena
1120 2660 1265 2688 rerum
1310 2651 1476 2689 vestra-

124 2810 132 2829 ¹
146 2810 207 2842 See
222 2821 253 2852 p.
271 2814 324 2850 99,
339 2822 369 2844 η.
726 2812 732 2854 Ι
795 2814 807 2832 ‘·'
817 2813 907 2845 Here
923 2823 943 2845 a
958 2813 1033 2845 flaw
1057 2824 1172 2847 occurs
1188 2815 1223 2847 in
1239 2816 1296 2849 the
1311 2816 1385 2849 MS.
