1905 3180
485 232 569 271 542
974 240 1119 271 PRIMA
1151 239 1385 271 FUNDATIO

543 364 696 405 Frater
728 363 943 405 Robertus
987 363 1030 403 Ν
1035 363 1211 418 igraln‚¹
1268 363 1486 418 quondam
1529 361 1662 412 miles,
1695 361 1874 405 intravit

482 432 687 481 ordinem,
722 435 766 473 et
798 432 907 472 obiit
940 431 1225 486 Notyngham
1256 441 1531 472 MCCCXLVII.

542 499 696 540 Frater
740 498 956 540 Mathzeus
1013 499 1189 549 Gai-ton,
1243 499 1390 540 valens
1442 498 1637 554 armiger,
1689 497 1875 540 venditis

480 567 606 608 terris
638 567 737 617 suis,
770 567 909 608 factus
941 570 1006 608 est
1037 567 1171 608 frater
1201 566 1351 608 minor.

541 634 695 676 Frater
736 635 958 677 J⁴ohannes
1002 634 1233 689 Stapsston,
1279 634 1415 676 haeres
1448 648 1705 690 magnarum
1748 647 1872 689 opum

480 706 523 744 et
556 702 747 753 dominii,
780 703 935 758 spretis
965 716 1100 744 uxore
1127 706 1170 744 et
1196 702 1461 751 haereditate,
1489 702 1629 743 factus
1651 704 1716 743 est
1746 700 1874 743 frater

478 785 628 812 mmor.

539 883 692 925 Frater
736 883 991 939 Radulphus
1026 883 1078 924 de
1116 882 1446 938 Maydynyston
1480 882 1565 923 fuit
1597 885 1698 923 ante
1728 881 1874 923 introi-

476 954 573 992 tum
617 951 779 992 ordinis
813 951 1034 1006 episcopus
1070 950 1385 1000 Herfordensis‚
1432 950 1507 1005 qui
1550 949 1736 991 intravit
1768 949 1874 990 ordi-

476 1033 576 1059 nem
607 1034 721 1060 anno
754 1019 933 1060 Domini
963 1029 1229 1060 MCCXXXIX.

537 1085 573 1126 F
575 1090 692 1128 mter
724 1087 754 1127 J
759 1087 954 1129 ohannes
981 1086 1033 1127 de
1082 1086 1270 1141 Redyng
1300 1086 1386 1127 fuit
1417 1089 1519 1128 ante
1550 1084 1780 1127 introitum
1812 1099 1872 1127 or-

482 1154 597 1195 dinis
631 1155 766 1196 abbas
799 1155 850 1196 de
884 1153 1092 1210 Oseneye.

537 1221 691 1264 Frater
732 1222 876 1263 Adam
922 1222 974 1263 de
1011 1222 1221 1277 Marysco,
1258 1222 1407 1263 doctor
1451 1221 1635 1263 Oxoniae
1668 1224 1769 1263 ante
1811 1221 1871 1263 in-

476 1304 667 1344 gressum
701 1290 873 1332 ordinis.

539 1357 692 1399 Frater
735 1358 985 1399 Alexander
1034 1357 1180 1407 Hales,
1224 1357 1401 1399 natione
1444 1357 1663 1413 Anglicus,
1718 1357 1868 1408 doctor,

477 1425 763 1475 cancellarius,
801 1429 845 1467 et
877 1425 1201 1467 archidiacomis
1240 1424 1504 1475 Parisiensis,
1540 1425 1690 1467 relicta
1722 1439 1872 1481 pompa

478 1493 692 1534 saecularis
722 1493 1059 1535 conversationis
1084 1493 1284 1534 habitum
1307 1493 1493 1534 fratrum
1524 1493 1742 1535 minorum
1763 1507 1870 1535 anno

479 1560 658 1602 Domini
690 1572 959 1603 MCCXXVIII.
994 1561 1238 1616 assumpsit,
1285 1561 1331 1601 in
1381 1575 1465 1615 quo
1497 1561 1620 1616 Virgo
1656 1564 1700 1602 et
1734 1561 1874 1603 doctor

477 1628 782 1685 irrefragabilis
834 1629 936 1669 xvii.
992 1644 1126 1669 annos
1169 1629 1424 1684 supervixit,
1459 1632 1503 1670 et
1549 1644 1663 1671 anno
1696 1627 1868 1670 Domini

475 1707 680 1737 MCCXLV.
739 1697 930 1737 Pal-isius
973 1697 1094 1747 obiit,
1139 1697 1249 1738 circa
1281 1696 1412 1737 finem
1459 1696 1776 1752 assumptionis,
1827 1695 1870 1737 in

476 1763 597 1818 cujus
640 1765 861 1820 sepultura
904 1764 1009 1814 Odo,
1053 1764 1222 1819 legatus
1264 1764 1429 1805 domini
1470 1765 1667 1820 episcopi,
1702 1764 1869 1805 missam

475 1832 721 1882 celebravit,
755 1847 852 1873 cum
887 1832 1134 1873 assistentia
1167 1832 1405 1873 multorum
1432 1832 1745 1874 venerabilium
1770 1845 1869 1888 prae-

475 1899 663 1941 latorum
695 1900 967 1941 venientium
1000 1901 1052 1941 de
1084 1900 1264 1941 concilio
1297 1900 1463 1941 domini
1494 1900 1691 1956 episcopi.

544 1967 655 2009 Haec
698 1967 745 2008 in
778 1967 950 2009 laudem
994 1967 1086 2023 ejus
1129 1968 1261 2009 refert
1292 1968 1500 2024 magister
1556 1967 1586 2009 J
1590 1968 1779 2010 ohannes
1819 1967 1866 2009 de

476 2034 743 2076 Gai-laundia
776 2035 822 2075 in
843 2035 953 2076 libro
985 2034 1077 2078 “dc
1110 2034 1391 2077 ministeriis
1424 2035 1668 2086 Ecolesioe,”
1701 2035 1775 2090 qui
1808 2034 1867 2075 in-

477 2102 593 2157 cipit,
629 2102 935 2158 [“Awfgsli[c]a
966 2117 1054 2158 (suo
1076 2102 1258 2158 sulcet?
1292 2107 1336 2144 et
1368 2106 1534 2154 caetera,
1568 2103 1616 2144 in
1646 2103 1733 2144 fine
1763 2100 1864 2144 libri.

535 2170 689 2212 Frater
735 2171 989 2226 Radulphus
1050 2172 1102 2212 de
1156 2170 1361 2227 Corbrug,
1406 2171 1481 2226 qui
1541 2171 1683 2212 fuerat
1729 2171 1866 2212 doctor

475 2237 676 2288 Paflsius,
720 2242 763 2280 et
800 2239 906 2294 legit
939 2239 1122 2280 Oxoniae
1163 2272 1170 2280 .
1208 2271 1216 2279 .
1251 2272 1259 2281 .
1305 2239 1512 2290 novicius,
1544 2239 1729 2280 intravit
1759 2236 1864 2279 enim

474 2303 663 2347 Parisius
694 2306 888 2348 ordinem
919 2310 1024 2349 tunc
1052 2310 1152 2348 actu
1182 2321 1334 2363 regens
1364 2307 1411 2347 in
1442 2306 1668 2363 theologia.

535 2373 688 2415 Frater
719 2373 852 2430 Hugo
874 2375 1098 2430 Wylluby,
1122 2374 1398 2416 cancellarius
1426 2378 1470 2416 et
1499 2375 1647 2417 doctor
1679 2373 1861 2423 Oxoniae‚

474 2454 523 2482 ac
554 2442 783 2483 canonicus
816 2442 1096 2483 Eboracensis
1127 2442 1323 2484 ecclesiae.

535 2508 689 2550 Frater
733 2510 933 2551 Oliverus
975 2509 1196 2566 Stanwey‚
1233 2511 1382 2552 doctor
1423 2511 1649 2566 utriusque
1684 2509 1792 2566 juris
1823 2508 1862 2550 et

473 2576 748 2618 cancellarius
781 2576 1127 2633 C[antebrigiae].

536 2643 690 2686 Frater
732 2645 762 2686 J
765 2645 953 2687 ohannes
997 2645 1152 2695 Wales‚
1198 2646 1346 2688 doctor
1388 2646 1625 2702 theologiae,
1671 2645 1745 2700 qui
1784 2641 1862 2685 fuit

475 2711 757 2754 bachellarius
789 2713 836 2753 in
866 2713 1084 2769 theologia
1116 2713 1309 2756 Oxoniae.

1023 2858 1030 2876 ¹
1059 2858 1125 2891 Sic.
1166 2858 1297 2900 Inqram
1316 2859 1331 2890 Ρ
