1905 3180
472 246 557 287 456
973 254 1079 285 ADAE
1111 255 1171 285 DE
1201 254 1396 285 MARIseo

470 379 590 430 lium,
614 382 665 420 ut
686 393 781 420 cum
804 378 898 433 lego
921 377 1141 420 solit-arius
1162 378 1208 419 in
1230 377 1372 419 codice
1394 377 1503 433 [Luc
1534 378 1607 433 x.],
1660 377 1864 434 “Diliges

473 452 494 467 “
522 447 769 502 proximum
812 449 937 487 tuum
979 446 1091 487 sicut
1122 444 1350 501 teipsum,”
1392 445 1651 501 scripturam
1682 459 1865 501 praesen-

472 517 558 555 tem
596 529 723 556 sensu
760 514 949 569 percipio
986 528 1062 569 per
1097 513 1279 569 speciem
1321 513 1580 565 sensibilem,
1616 513 1858 569 proximum

468 582 690 623 absentem
745 581 903 637 spiritu
947 581 1090 636 effigio
1146 596 1222 636 per
1278 581 1463 636 figuram
1522 581 1860 637 imaginabilem,

468 650 542 691 sed
582 664 658 705 per
695 650 877 690 formam
909 648 1242 703 intelligibilem.
1306 649 1421 704 Ergo
1456 649 1491 689 si
1534 651 1681 690 oretur
1713 649 1863 704 lingua

467 718 605 758 solum
628 705 675 758 in
697 718 791 758 vita
824 716 1023 766 sensuali,
1046 716 1117 757 vel
1150 719 1297 758 oretur
1329 716 1486 772 spiritu
1519 716 1658 757 solum
1700 716 1746 757 in
1766 716 1862 757 vita

467 785 696 840 spirituali,
730 785 799 826 vel
835 788 981 826 oretur
1015 784 1166 839 lingua
1206 788 1250 825 et
1283 784 1441 839 spiritu
1470 784 1516 825 in
1547 784 1642 825 vita
1673 784 1858 825 sensuali

467 856 511 893 et
542 853 769 908 spirituali,
804 851 887 892 nisi
918 855 1065 893 oretur
1096 856 1139 893 et
1171 855 1316 893 mente
1349 852 1396 892 in
1427 852 1522 893 vita
1562 851 1859 903 intellectuali,

466 921 653 962 orationi
690 920 856 962 fructus
889 919 1043 961 salutis
1078 934 1353 975 nequaquam
1390 919 1640 975 aequiritur.
1714 919 1860 975 Igitur

465 1004 542 1029 nee
579 992 754 1030 tantum
797 988 936 1030 oratio
974 988 1135 1030 vocalis
1184 988 1276 1029 sine
1325 988 1524 1038 sensuali,
1563 1002 1640 1029 nec
1683 990 1856 1029 tantum

464 1057 602 1098 oratio
631 1056 923 1112 imaginabilis
951 1056 1043 1097 sine
1071 1055 1300 1112 spirituali,
1323 1070 1401 1097 nec
1428 1056 1558 1097 simul
1580 1055 1718 1097 oratio
1740 1059 1858 1097 utra-

463 1139 557 1180 que,
580 1125 738 1166 voealis
759 1125 849 1166 sive
871 1124 1091 1173 sensualis,
1111 1127 1155 1165 et
1177 1123 1470 1179 imaginabilis
1491 1123 1581 1165 sive
1605 1123 1857 1179 spiritualis,

462 1193 554 1234 sine
590 1193 795 1234 rationali
829 1192 920 1234 sive
954 1191 1253 1243 intellectuali,
1283 1191 1471 1233 fructum
1498 1191 1651 1233 salutis
1685 1191 1858 1233 obtinet

463 1276 488 1302 a
513 1260 747 1303 Salvatore.
825 1260 911 1302 Sed
943 1258 1074 1302 tertia
1110 1274 1185 1315 per
1219 1259 1414 1315 seipsam,
1457 1259 1528 1300 vel
1562 1259 1657 1301 eum
1697 1259 1856 1301 alteru-

460 1332 530 1370 tra
562 1328 745 1370 duarum
767 1328 836 1370 vel
859 1343 953 1370 eum
986 1326 1178 1384 ipsarum
1207 1330 1406 1383 utraque,
1449 1327 1574 1383 plene
1610 1327 1768 1369 suffieit
1801 1327 1857 1369 ad

460 1397 653 1438 salutem.
717 1393 820 1438 Tres
850 1396 1023 1446 etenim,
1047 1392 1210 1437 scilieet
1230 1392 1325 1437 vita
1356 1409 1516 1444 sensus,
1539 1395 1634 1437 vita
1664 1393 1853 1451 spiritus,

459 1465 554 1507 vita
575 1464 832 1514 intellectus,
856 1465 1090 1506 seeundum
1113 1464 1276 1506 Setum.
1301 1463 1611 1519 Augustinum,
1635 1467 1722 1505 tres
1754 1467 1855 1505 sunt

457 1532 567 1586 coeli,
601 1546 706 1588 quos
739 1532 965 1574 insinuans
990 1531 1207 1587 apostolus
1242 1529 1304 1587 [ii.
1331 1531 1423 1573 Cor.
1447 1531 1558 1586 xii.],
1592 1530 1765 1581 “Sem'’
1789 1532 1856 1573 in-

459 1601 566 1656 quit,
604 1600 865 1642 “hominem
902 1600 948 1641 in
987 1600 1161 1642 Christo
1203 1602 1305 1641 ante
1337 1613 1472 1641 annos
1514 1599 1634 1652 xiiii„
1677 1600 1768 1641 sive
1808 1600 1855 1642 in

457 1675 480 1691 “
511 1683 697 1725 corpore,
731 1669 821 1710 sive
855 1672 981 1710 extra
1017 1682 1168 1723 eorpus
1204 1667 1357 1718 neseio,
1399 1667 1515 1709 Deus
1551 1667 1642 1717 scit,
1681 1671 1854 1723 raptum

457 1742 478 1758 ‘·
512 1736 759 1791 hujusmodi
797 1751 930 1791 usque
964 1736 1019 1777 ad
1051 1735 1233 1776 tertium
1263 1733 1456 1776 coelum.¹'
1519 1734 1637 1790 Ergo
1665 1750 1762 1777 eum
1784 1749 1854 1777 eor

456 1804 513 1846 sit
535 1804 744 1861 originale
765 1804 870 1846 vitae
893 1803 1168 1853 domicilium,
1192 1802 1427 1844 secundum
1449 1802 1558 1844 illud
1581 1803 1784 1845 Proverb.
1798 1818 1851 1854 X„

458 1879 479 1894 “
514 1873 645 1914 Omni
667 1872 865 1914 custodia
886 1871 1055 1914 custodi
1078 1885 1150 1913 eor
1169 1874 1306 1922 tuum,
1331 1871 1535 1926 quoniam
1564 1885 1619 1912 ex
1645 1871 1737 1927 ipso
1759 1872 1852 1914 vita

456 1946 477 1962 “
506 1940 700 1996 procedit
713 1940 747 1991 ;’'
769 1940 927 1990 nullus,
946 1939 1061 1995 quod
1081 1939 1174 1980 fieri
1196 1953 1366 1980 necesse
1387 1942 1463 1989 est,
1482 1941 1577 1980 orat
1594 1939 1735 1980 Deum
1758 1942 1851 1981 toto
1904 1954 1905 1974 1

457 2010 594 2057 corde,
627 2009 711 2050 nisi
734 2023 811 2064 per
832 2008 1006 2050 coeleste
1043 2007 1305 2049 desiderium
1328 2006 1483 2048 coelum
1515 2007 1622 2049 vitae
1644 2008 1852 2049 sensualis

456 2080 640 2132 superet,
679 2077 835 2118 coelum
873 2076 978 2117 vitae
1017 2075 1257 2131 spiritualis
1295 2078 1503 2125 transeat,
1546 2075 1703 2117 coelum
1745 2076 1850 2118 vitvae

455 2144 761 2185 intellectualis
793 2144 1009 2195 ascendat,
1033 2147 1077 2185 et
1109 2143 1169 2184 sic
1200 2143 1255 2183 ad
1284 2142 1425 2184 Deum
1449 2142 1732 2195 Salvatorem,
1756 2143 1852 2185 coeli

456 2212 764 2253 intellectualis
801 2212 1043 2253 salvificum
1080 2211 1386 2262 habitatorem,
1424 2211 1470 2251 in
1507 2211 1702 2253 oratione
1739 2212 1850 2253 salu-

457 2279 541 2320 tari
564 2280 804 2334 proveniat,
827 2279 998 2320 intrans
1021 2279 1066 2319 in
1093 2278 1339 2320 cubiculum
1369 2293 1494 2320 suum
1524 2279 1698 2331 ibidem,
1719 2280 1850 2335 juxta

453 2347 635 2388 verbum
658 2347 772 2399 Filii,
796 2348 958 2388 orantis
982 2347 1153 2388 Patrem
1179 2361 1303 2387 suum
1326 2347 1371 2387 in
1393 2347 1657 2390 abscondito,
1725 2348 1849 2399 Quod

453 2415 702 2456 nullatenus
731 2415 825 2456 fieri
858 2415 985 2466 valet,
1018 2414 1102 2456 nisi
1134 2429 1209 2470 per
1239 2415 1707 2469 superintellectualem
1738 2428 1850 2458 sum*-

454 2498 536 2525 mae
569 2483 818 2524 divinitatis
848 2483 1154 2537 operationem.
1216 2482 1455 2537 Nunquam
1491 2483 1606 2524 enim
1637 2487 1843 2536 creatura,
1901 2499 1902 2502 ’

454 2565 547 2592 cum
593 2551 651 2592 sit
698 2550 843 2591 virtus
893 2550 1031 2601 finita,
1082 2550 1138 2590 ad
1177 2549 1440 2602 Creatorem,
1479 2551 1553 2605 qui
1600 2554 1665 2592 est
1707 2551 1847 2593 virtus
1900 2545 1902 2554 ⁴

452 2619 637 2668 infinita,
670 2618 913 2672 pertingere
965 2617 1095 2669 valet,
1139 2617 1222 2658 nisi
1264 2619 1658 2673 suporszeeulariter
1693 2622 1848 2675 agatur

451 2687 506 2727 ad
538 2686 617 2727 hoc
647 2686 763 2726 illius
795 2685 909 2726 finiti
946 2685 1127 2727 defectio
1164 2700 1240 2740 per
1287 2685 1421 2726 Istius
1472 2685 1634 2728 infiniti
1677 2687 1834 2742 perfec·
1899 2731 1901 2735 ,

453 2754 623 2796 tionem.
688 2753 871 2808 Propter
911 2753 1026 2807 quod
1058 2752 1120 2794 ait
1158 2753 1242 2807 [Jo.
1267 2753 1368 2808 vi.]:
1415 2753 1598 2796 “Nemo
1630 2755 1754 2797 venit
1787 2753 1841 2796 ad
1898 2753 1901 2811 ξ

452 2828 472 2844 “
505 2836 585 2874 me,
618 2820 700 2862 nisi
732 2820 860 2861 Pater
892 2820 962 2875 qui
997 2820 1117 2861 misit
1149 2834 1216 2862 me
1251 2821 1438 2863 traxerit
1467 2822 1603 2864 eum.''
