1905 3180
443 271 456 309 1
471 270 524 309 82
914 282 1019 311 ADAE
1052 282 1112 311 DE
1143 282 1338 313 MARIsco

435 394 587 435 tentiae
617 394 731 449 ipsas
762 409 838 450 per
866 394 949 450 pize
979 394 1285 436 sollicitudinis
1329 395 1595 449 adjutorium
1625 394 1833 435 vitalibus

432 462 681 503 reficiendas
728 462 949 504 alimentis
981 463 1191 505 educere?
1270 463 1387 514 Quid
1430 466 1495 504 est
1523 463 1699 518 insuper
1730 465 1833 503 ante

431 544 502 571 eas
522 530 595 580 ire,
619 531 705 571 nisi
726 545 802 586 per
823 531 1005 572 formam
1024 531 1144 586 juste
1166 531 1358 583 vivendi,
1381 545 1456 586 per
1477 545 1699 572 censuram
1714 530 1834 585 juste

424 596 665 651 judicandi,
699 614 776 654 per
808 599 943 640 ritum
975 599 1045 655 pie
1077 600 1255 649 colendi,
1280 600 1384 656 ipsis
1406 614 1451 640 se
1472 599 1736 641 imitandum
1758 613 1834 641 ex-

430 665 577 708 hibere
597 669 611 707 2
675 667 793 718 Quid
815 670 881 709 est
902 667 1045 709 adhuc
1075 671 1127 709 ut
1148 683 1299 710 vocem
1322 667 1415 723 ejus
1444 667 1628 709 audiant
1654 666 1829 718 efficere,

429 733 515 775 nisi
552 735 608 776 ad
640 735 719 777 hoc
763 736 879 777 idem
923 739 967 777 et
1009 736 1092 778 Dei
1124 736 1430 792 patrocinium,
1465 739 1510 777 et
1559 735 1830 792 Angelorum

428 803 692 856 praesidium,
741 811 786 845 et
833 804 1093 846 Sanctorum
1140 805 1406 861 suffragium,
1450 818 1527 860 per
1572 803 1829 845 indefessam

428 872 638 913 orationis
669 873 876 928 piissima}
907 873 1149 929 jugitatem
1183 873 1288 930 ipsis
1323 873 1553 915 obtinere?
1616 872 1733 924 Quid
1764 874 1829 913 est

427 939 613 994 denique
647 940 837 982 animam
876 956 998 982 suam
1036 956 1112 997 pro
1141 941 1227 982 illis
1259 955 1428 997 ponere,
1461 940 1546 981 nisi
1577 954 1654 996 per
1689 939 1829 981 carnis

424 1007 768 1063 castigationem,
808 1024 884 1065 per
918 1009 1057 1050 cordis
1087 1009 1473 1065 compunctionem,
1496 1022 1573 1064 per
1593 1008 1827 1049 libidinum

423 1075 755 1129 abdicationem,
819 1078 1045 1133 praesentis
1106 1078 1211 1120 vitae
1266 1077 1591 1133 jucunditatem
1652 1077 1828 1132 penitus

423 1145 684 1199 interimere,
723 1147 866 1203 sicque
895 1148 1084 1204 seipsum
1120 1163 1198 1204 pro
1237 1148 1398 1190 eisdem
1435 1147 1624 1189 hostiam
1664 1147 1826 1197 vivam,

423 1218 627 1265 sanctam,
654 1216 747 1258 Deo
772 1217 1028 1272 placentem,
1059 1219 1390 1272 perseveranter
1420 1216 1678 1257 immolare?

484 1283 594 1326 Cum
633 1298 733 1340 ergo
764 1284 857 1327 haec
887 1285 944 1326 sit
991 1285 1161 1326 senaria
1191 1299 1476 1341 supernorum
1514 1283 1825 1326 charismatum

421 1351 638 1407 perfectio,
683 1367 779 1408 quae
832 1353 888 1394 ad
952 1368 1093 1395 curam
1134 1353 1294 1396 ccelicae
1342 1352 1557 1409 pastionis
1611 1352 1824 1408 agendam

422 1421 657 1461 secundum
689 1421 983 1463 immutabilia
1014 1422 1198 1477 pastoris
1231 1422 1385 1464 aeterni
1418 1422 1601 1469 decreta,
1626 1421 1737 1462 sicut
1770 1435 1824 1462 ex

420 1488 488 1529 his
520 1489 754 1531 sanctionis
789 1489 950 1531 divinae
993 1490 1221 1531 sententiis
1264 1490 1417 1545 liquet,
1451 1489 1657 1545 exigitur,
1693 1503 1823 1544 quam

421 1556 727 1598 detestamlum
750 1557 917 1599 saeeulis
949 1558 1150 1599 omnibus
1188 1558 1436 1600 censebitur
1473 1572 1561 1599 esse
1599 1556 1823 1613 piaculum

420 1624 616 1679 pestibus
660 1625 848 1674 nefariis,
896 1629 973 1667 aut
1008 1626 1282 1667 auctoritatis
1325 1625 1474 1675 officio,
1516 1628 1594 1666 aut
1643 1623 1821 1666 consilio

420 1693 750 1748 cooperationis,
782 1694 1080 1734 sanctuarium
1114 1694 1357 1736 Salvatoris
1390 1693 1569 1750 aperire.
1635 1692 1740 1734 Illos
1761 1692 1822 1734 lo-

419 1760 592 1814 quimur
629 1761 704 1816 qui
736 1776 814 1817 per
833 1762 1057 1817 regiminis
1081 1762 1358 1804 ecclesiastici
1381 1761 1569 1803 officium
1591 1761 1819 1816 pastorale,

418 1831 462 1868 et
498 1829 762 1884 pervicacius
795 1833 1046 1886 arrogantes
1083 1830 1292 1872 honorem
1330 1833 1375 1871 et
1403 1844 1509 1871 onus
1552 1829 1820 1871 declinantes

417 1897 689 1949 omnimodis,
723 1901 814 1939 tam
846 1898 1007 1939 fastum
1041 1899 1212 1941 caducae
1244 1898 1486 1954 potestatis,
1520 1912 1652 1953 quam
1683 1911 1820 1952 quaes-

416 1967 512 2005 tum
559 1966 732 2007 mobilis
773 1965 1022 2018 affluentiae,
1078 1981 1208 2022 quam
1258 1967 1391 2008 etiam
1435 1966 1590 2007 luxum
1633 1964 1814 2006 fluentis

414 2033 616 2086 lascivire,
640 2033 995 2076 frontosissimae¹
1030 2034 1287 2076 voracitatis
1324 2034 1538 2076 aviditate
1574 2032 1818 2074 insatiabili

415 2101 498 2141 sibi
541 2102 713 2157 suisque
750 2103 998 2144 necessariis
1039 2117 1268 2158 procurare
1310 2117 1400 2144 non
1441 2100 1691 2153 formidant,
1734 2115 1817 2142 coe-

414 2169 540 2210 lestia
597 2170 881 2212 detrectando
943 2171 1201 2220 ministeria,
1268 2173 1312 2212 et
1368 2169 1557 2225 ineptias
1610 2168 1814 2210 sectando

414 2236 658 2278 mundiales
676 2253 685 2288 ;
728 2253 845 2292 quos,
888 2238 1000 2280 sicut
1046 2239 1169 2294 regni
1222 2239 1307 2280 Dei
1347 2238 1493 2279 hostes
1526 2236 1816 2279 atrocissimos

414 2304 642 2360 Scriptura
667 2305 932 2347 Divinitatis
958 2306 1219 2362 pronuntiat
1249 2306 1362 2347 filios
1391 2305 1542 2357 Belial,
1575 2304 1815 2346 nescientes

413 2372 653 2413 Dominum
682 2387 821 2428 neque
853 2373 1041 2415 officium
1073 2374 1345 2415 sacerdotum
1379 2374 1433 2415 ad
1469 2372 1688 2429 populum.
1752 2372 1812 2413 Et

412 2439 530 2489 alibi,
588 2455 713 2482 canes
772 2444 928 2492 mutos,
988 2455 1077 2482 non
1128 2441 1324 2482 valentes
1386 2440 1557 2490 latrare,
1611 2438 1813 2495 appellat.

415 2506 568 2557 Canes,
591 2507 784 2563 inquam,
808 2508 1223 2563 impudentissimos,
1247 2508 1489 2549 nescientes
1518 2507 1810 2548 saturitatem.

471 2575 536 2616 Hi
570 2580 673 2617 sunt
707 2590 815 2631 quos
848 2575 916 2616 his
956 2575 1109 2617 diebus
1144 2574 1486 2617 damnatissimis
1523 2574 1686 2629 ubique
1723 2589 1810 2617 cer-

408 2643 563 2693 nimus,
614 2643 722 2698 proh
762 2643 907 2685 nefas!
951 2644 1075 2699 quasi
1117 2644 1249 2686 soluti
1291 2642 1468 2685 Satanae
1525 2641 1810 2684 inservientes

408 2711 625 2761 satellitio,
679 2711 1016 2753 horrendissima
1063 2712 1275 2753 vastitate
1327 2710 1549 2753 ecclesiam
1588 2710 1807 2752 Altissimi

892 2892 898 2910 ¹
925 2889 1184 2929 Frontosz·ssi.=21a‚
1212 2891 1285 2922 MS.
