1905 3180
668 224 903 256 EPISTOLAE.
1398 218 1481 256 2³25

89 346 222 390 reuda
264 347 505 402 spectacula
535 347 699 389 cunctis
746 347 1012 396 mortalibus,
1053 346 1255 389 videlicet
1285 347 1485 402 profanas

89 419 228 471 pestes
275 414 595 456 daemonialium
635 415 927 470 nequitiarum
971 414 1065 455 dira
1110 414 1229 455 rabie
1272 416 1488 456 sanctissi-

88 497 208 523 mum
245 481 482 523 Salvatoris
513 482 817 532 sanctuarium,
850 484 894 523 et
925 481 1136 522 violenter
1167 482 1483 537 irrumpentes,l

88 553 133 591 et
162 550 396 605 irrepentes
427 550 735 601 fraudulenter,
769 553 813 591 et
844 549 1118 590 blandienter
1149 549 1418 601 invadentes,
1442 554 1487 591 et

87 616 339 659 infestantes
361 617 668 672 pervicaciter?
712 617 817 658 Illos
838 616 999 671 loquor,
1023 616 1098 671 qui
1120 630 1483 672 usquequaquam,

87 685 195 741 proh
225 685 369 726 nefas!
404 689 447 726 et
493 699 689 741 arrogare
721 684 978 739 dignitatem
1010 687 1245 739 pastorum,
1279 688 1322 725 et
1355 685 1486 725 latro-

87 767 192 794 num
240 752 555 794 immanitatem
602 767 797 794 exercere
841 765 929 793 non
973 754 1178 793 verentur
1218 750 1262 791 in
1305 751 1482 802 animas,

86 819 250 862 caninae
282 819 530 862 voracitatis
562 819 878 875 impudentiam
909 818 1091 860 assiduis
1122 818 1314 874 urgendo
1347 819 1485 874 direp-

86 890 286 940 tionibus,
320 893 471 932 contra
502 904 608 945 quos
643 889 743 931 licet
774 889 1038 931 obstinatam
1071 888 1252 944 perditae
1284 888 1486 944 reproba-

85 957 215 999 tionis
243 957 534 1013 arrogantiam
560 972 833 1013 nequaquam
856 960 1027 1008 terreat‚
1050 959 1198 997 tamen
1220 959 1344 997 tonat
1375 956 1485 997 illud

85 1024 452 1067 interminationis
485 1024 745 1081 prophetica]
780 1025 1052 1066 tonitruum:
1105 1023 1212 1065 “Vae
1242 1023 1484 1079 pastoribus

86 1098 110 1115 “
142 1093 289 1145 Israel,
327 1093 401 1148 qui
433 1093 664 1148 pascebant
695 1092 971 1147 semetipsos!
1018 1091 1177 1132 Nonne
1208 1106 1358 1147 greges
1389 1106 1485 1146 pas*

85 1165 109 1183 ‘⁶
142 1163 301 1202 cuntur
351 1175 378 1201 a
428 1160 711 1216 pastoribus?
795 1159 880 1200 Lac
931 1158 1228 1208 comedebatis,
1283 1162 1327 1200 et
1375 1159 1484 1199 lanis

86 1232 108 1251 “
140 1227 472 1285 operiebamini;
515 1227 629 1283 quod
666 1241 851 1269 crassum
888 1230 953 1267 est
990 1225 1270 1276 occidebatis3
1311 1241 1484 1282 gregem

86 1301 108 1318 “
139 1300 284 1338 autem
335 1310 480 1337 meum
520 1310 607 1336 non
650 1294 902 1350 pascebatis.
983 1293 1108 1344 Quod
1139 1293 1360 1334 infirmum
1402 1293 1486 1334 suit

84 1367 108 1385 “
139 1379 226 1405 non
257 1362 562 1412 consolidastis,
586 1366 630 1404 et
661 1362 775 1417 quod
797 1365 1007 1417 {egrotum
1030 1375 1116 1402 non
1138 1361 1319 1402 sanastis
1340 1375 1349 1410 ;
1370 1361 1485 1416 quod

84 1437 107 1454 “
138 1431 320 1474 fractum
352 1435 417 1473 est
448 1446 535 1472 non
563 1430 783 1486 alligastis,
817 1433 862 1471 et
893 1429 1007 1484 quod
1053 1428 1270 1483 abjectum
1301 1431 1366 1469 est
1397 1443 1485 1469 non

84 1504 106 1521 ‘⁶
138 1499 382 1549 reduxistis,
426 1502 470 1540 et
502 1498 617 1553 quod
647 1497 834 1553 perierat
864 1511 952 1538 non
996 1496 1234 1551 quaesistis3
1267 1495 1341 1537 sed
1387 1511 1483 1537 cum

83 1570 106 1589 “
137 1567 388 1609 austeritate
408 1565 687 1622 imperabatis
717 1564 777 1606 eis
808 1568 852 1606 et
873 1579 969 1606 cum
991 1563 1196 1619 potentia,
1220 1567 1264 1605 et
1285 1563 1484 1619 dispersae

83 1639 106 1656 “
137 1638 239 1676 sunt
270 1649 370 1676 oves
400 1649 507 1676 meae
539 1648 588 1675 eo
610 1633 725 1688 quod
744 1647 834 1674 non
854 1636 963 1674 esset
984 1635 1138 1688 pastor,
1166 1635 1210 1673 et
1230 1631 1355 1673 sactae
1384 1635 1486 1672 sunt

83 1707 105 1725 “
136 1702 182 1743 in
213 1702 534 1744 devorationem
565 1701 703 1743 omnis
733 1701 882 1742 bestiae
914 1700 1017 1756 agri,
1041 1703 1085 1741 et
1116 1699 1316 1755 dispersae
1347 1697 1485 1740 sunt.'’

143 1770 251 1811 Haec
282 1773 384 1811 sunt
409 1773 533 1819 certe,
558 1768 617 1809 mi
645 1772 767 1824 pater
797 1767 1164 1817 desideratissime,
1190 1767 1345 1821 quibus
1374 1767 1484 1822 plec-

82 1837 225 1879 tendis
255 1837 301 1877 in
331 1837 658 1892 praesentiarum
691 1835 903 1877 cernimus
935 1848 1093 1885 omneS,
1125 1833 1221 1888 plus
1251 1833 1297 1874 in
1338 1848 1481 1875 rerum

83 1905 310 1947 eventibus
351 1918 479 1959 quam
526 1903 706 1945 oraculis
752 1902 1071 1958 prophetarum,
1116 1901 1377 1942 formidandi
1409 1916 1481 1943 ex-

83 1971 238 2013 aminis
265 1972 493 2014 tribunalis
521 1970 793 2021 sententiam,
816 1974 860 2012 et
893 1985 1019 2025 super
1047 1968 1258 2025 praelatos,
1282 1972 1326 2010 et
1356 1983 1483 2024 super

83 2040 254 2092 clerum,
278 2043 323 2081 et
354 2054 480 2095 super
510 2038 736 2095 principes,
759 2042 803 2080 et
834 2052 960 2093 super
991 2036 1198 2093 populum
1231 2037 1482 2092 dignissima

82 2107 347 2149 districtione
369 2106 584 2157 desaevire,
608 2121 695 2147 non
727 2105 981 2148 destituram
1014 2103 1293 2160 proculdubio
1325 2119 1481 2159 quous-

83 2190 164 2230 que
195 2174 473 2231 compleverit
503 2173 613 2215 illud
644 2173 759 2229 quod
790 2172 895 2214 alibi
926 2176 1077 2214 contra
1111 2171 1478 2213 indomitabilem²

82 2243 346 2298 praelationis
397 2245 614 2297 usurpatae
662 2240 979 2296 malignitatem
1021 2240 1085 2280 ait
1145 2239 1309 2280 Michas
1354 2239 1477 2294 (iii.):

84 2317 105 2331 “
138 2311 197 2352 Et
227 2325 352 2366 super
394 2310 632 2351 Dominum
662 2309 995 2364 requiescebant,
1029 2307 1242 2348 dicentes:
1297 2313 1305 2327 ‘
1323 2307 1479 2349 Nonne

83 2383 105 2400 “
139 2378 374 2420 ‘Dominus
404 2377 450 2418 in
481 2377 621 2419 medio
652 2379 880 2418 nostrum?
912 2376 1013 2417 Non
1047 2375 1224 2416 venient
1252 2389 1377 2430 super
1402 2390 1479 2416 nos

84 2452 106 2468 “
138 2444 298 2487 ‘mala’
332 2444 514 2501 Propter
541 2444 634 2496 hoc,
657 2459 784 2486 causa
812 2444 956 2493 vestri,
981 2443 1087 2485 Sion
1109 2442 1228 2497 quasi
1253 2457 1353 2498 ager
1384 2457 1479 2483 ara-

85 2519 106 2535 “
137 2513 267 2564 bitur,
308 2516 351 2554 et
392 2511 632 2554 Jerusalem
676 2511 798 2567 quasi
840 2525 1016 2553 acervus
1058 2510 1250 2566 lapidum
1299 2509 1390 2557 erit,
1435 2512 1480 2550 et

84 2586 107 2603 “
137 2595 260 2622 mons
299 2579 451 2636 templi
482 2579 529 2621 in
571 2579 738 2622 excelsa
779 2577 1021 2620 silvarum.”
1086 2577 1201 2629 Quid
1232 2580 1361 2632 ergo?
1423 2576 1476 2616 In

127 2784 354 2830 ¹erumpentcs,
379 2787 453 2820 MS.
771 2785 778 2829 Ι
841 2788 853 2806 ²
870 2784 1093 2823 indomabilem,
1117 2785 1191 2819 MS.
