<?xml version="1.0" encoding="UTF-8"?>
<!DOCTYPE html PUBLIC "-//W3C//DTD XHTML 1.0 Transitional//EN"
    "http://www.w3.org/TR/xhtml1/DTD/xhtml1-transitional.dtd">
<html xmlns="http://www.w3.org/1999/xhtml" xml:lang="en" lang="en">
 <head>
  <title>
</title>
<meta http-equiv="Content-Type" content="text/html;charset=utf-8" />
  <meta name='ocr-system' content='tesseract 3.04.00' />
  <meta name='ocr-capabilities' content='ocr_page ocr_carea ocr_par ocr_line ocrx_word'/>
</head>
<body>
  <div class='ocr_page' id='page_1' title='image "./monumentafrancis01thom_0588.png"; bbox 0 0 1905 3180; ppageno 0'>
   <div class='ocr_carea' id='block_1_1' title="bbox 458 244 1368 284">
    <p class='ocr_par' dir='ltr' id='par_1_1' title="bbox 458 244 1368 284">
     <span class='ocr_line' id='line_1_1' title="bbox 458 244 1368 284; baseline -0.003 0"><span class='ocrx_word' id='word_1_1' title='bbox 458 244 542 284; x_wconf 67' lang='lat'>430</span> <span class='ocrx_word' id='word_1_2' title='bbox 947 250 1050 282; x_wconf 61' lang='grc' dir='ltr'>ΑΜΕ</span> <span class='ocrx_word' id='word_1_3' title='bbox 1082 251 1142 282; x_wconf 81' lang='lat' dir='ltr'>DE</span> <span class='ocrx_word' id='word_1_4' title='bbox 1173 249 1368 283; x_wconf 78' lang='lat' dir='ltr'>MARIsco</span> 
     </span>
    </p>
   </div>
   <div class='ocr_carea' id='block_1_2' title="bbox 440 375 1856 2884">
    <p class='ocr_par' dir='ltr' id='par_1_2' title="bbox 440 375 1856 2884">
     <span class='ocr_line' id='line_1_2' title="bbox 453 375 1856 432; baseline 0.001 -14"><span class='ocrx_word' id='word_1_5' title='bbox 453 392 557 427; x_wconf 88' lang='lat' dir='ltr'>reor,</span> <span class='ocrx_word' id='word_1_6' title='bbox 591 376 706 432; x_wconf 84' lang='lat' dir='ltr'>quod</span> <span class='ocrx_word' id='word_1_7' title='bbox 739 388 1114 431; x_wconf 71' lang='lat' dir='ltr'>quorsumcunque</span> <span class='ocrx_word' id='word_1_8' title='bbox 1147 375 1356 416; x_wconf 87' lang='lat' dir='ltr'>tendatur</span> <span class='ocrx_word' id='word_1_9' title='bbox 1391 375 1439 417; x_wconf 88' lang='lat' dir='ltr'>in</span> <span class='ocrx_word' id='word_1_10' title='bbox 1470 375 1601 418; x_wconf 83' lang='lat' dir='ltr'>totali</span> <span class='ocrx_word' id='word_1_11' title='bbox 1633 375 1746 426; x_wconf 86' lang='lat' dir='ltr'>orbe,</span> <span class='ocrx_word' id='word_1_12' title='bbox 1779 378 1856 420; x_wconf 85' lang='lat' dir='ltr'>aut</span> 
     </span>
     <span class='ocr_line' id='line_1_3' title="bbox 451 443 1854 500; baseline -0.001 -13"><span class='ocrx_word' id='word_1_13' title='bbox 451 446 507 488; x_wconf 86' lang='lat' dir='ltr'>ad</span> <span class='ocrx_word' id='word_1_14' title='bbox 539 446 749 487; x_wconf 85' lang='lat' dir='ltr'>orientem</span> <span class='ocrx_word' id='word_1_15' title='bbox 781 448 858 486; x_wconf 85' lang='lat' dir='ltr'>aut</span> <span class='ocrx_word' id='word_1_16' title='bbox 890 444 945 485; x_wconf 85' lang='lat' dir='ltr'>ad</span> <span class='ocrx_word' id='word_1_17' title='bbox 988 443 1264 493; x_wconf 87' lang='lat' dir='ltr'>occidentem,</span> <span class='ocrx_word' id='word_1_18' title='bbox 1302 447 1380 485; x_wconf 87' lang='lat' dir='ltr'>aut</span> <span class='ocrx_word' id='word_1_19' title='bbox 1422 444 1478 485; x_wconf 88' lang='lat' dir='ltr'>ad</span> <span class='ocrx_word' id='word_1_20' title='bbox 1514 445 1854 500; x_wconf 70' lang='lat' dir='ltr'>septentrionem</span> 
     </span>
     <span class='ocr_line' id='line_1_4' title="bbox 451 511 1855 568; baseline 0.001 -14"><span class='ocrx_word' id='word_1_21' title='bbox 451 516 527 554; x_wconf 89' lang='lat' dir='ltr'>aut</span> <span class='ocrx_word' id='word_1_22' title='bbox 549 513 604 554; x_wconf 85' lang='lat' dir='ltr'>ad</span> <span class='ocrx_word' id='word_1_23' title='bbox 636 513 870 561; x_wconf 76' lang='lat' dir='ltr'>meridiem,</span> <span class='ocrx_word' id='word_1_24' title='bbox 893 512 1022 553; x_wconf 88' lang='lat' dir='ltr'>nullis</span> <span class='ocrx_word' id='word_1_25' title='bbox 1054 511 1322 567; x_wconf 83' lang='lat' dir='ltr'>temporibus</span> <span class='ocrx_word' id='word_1_26' title='bbox 1343 511 1528 567; x_wconf 84' lang='lat' dir='ltr'>reperire</span> <span class='ocrx_word' id='word_1_27' title='bbox 1556 512 1758 568; x_wconf 88' lang='lat' dir='ltr'>possibile</span> <span class='ocrx_word' id='word_1_28' title='bbox 1790 516 1855 556; x_wconf 88' lang='lat' dir='ltr'>est</span> 
     </span>
     <span class='ocr_line' id='line_1_5' title="bbox 450 579 1854 636; baseline -0.001 -13"><span class='ocrx_word' id='word_1_29' title='bbox 450 582 565 623; x_wconf 87' lang='lat' dir='ltr'>unde</span> <span class='ocrx_word' id='word_1_30' title='bbox 607 581 743 623; x_wconf 88' lang='lat' dir='ltr'>tantis</span> <span class='ocrx_word' id='word_1_31' title='bbox 785 595 914 636; x_wconf 89' lang='lat' dir='ltr'>opum</span> <span class='ocrx_word' id='word_1_32' title='bbox 952 579 1184 621; x_wconf 82' lang='lat' dir='ltr'>affluentiis</span> <span class='ocrx_word' id='word_1_33' title='bbox 1225 580 1523 623; x_wconf 75' lang='lat' dir='ltr'>ecclesiasticae</span> <span class='ocrx_word' id='word_1_34' title='bbox 1569 580 1854 623; x_wconf 85' lang='lat' dir='ltr'>sublimitatis</span> 
     </span>
     <span class='ocr_line' id='line_1_6' title="bbox 449 648 1854 700; baseline 0 -9"><span class='ocrx_word' id='word_1_35' title='bbox 449 650 602 691; x_wconf 85' lang='lat' dir='ltr'>honori</span> <span class='ocrx_word' id='word_1_36' title='bbox 659 650 883 691; x_wconf 81' lang='lat' dir='ltr'>serviatur.</span> <span class='ocrx_word' id='word_1_37' title='bbox 949 648 1056 700; x_wconf 75' lang='lat' dir='ltr'>Quis</span> <span class='ocrx_word' id='word_1_38' title='bbox 1113 649 1228 690; x_wconf 85' lang='lat' dir='ltr'>enim</span> <span class='ocrx_word' id='word_1_39' title='bbox 1276 648 1489 690; x_wconf 86' lang='lat' dir='ltr'>sufficeret</span> <span class='ocrx_word' id='word_1_40' title='bbox 1540 649 1690 690; x_wconf 86' lang='lat' dir='ltr'>mirari</span> <span class='ocrx_word' id='word_1_41' title='bbox 1731 649 1854 692; x_wconf 88' lang='lat' dir='ltr'>ditis-</span> 
     </span>
     <span class='ocr_line' id='line_1_7' title="bbox 449 716 1854 773; baseline 0.001 -15"><span class='ocrx_word' id='word_1_42' title='bbox 449 718 578 759; x_wconf 79' lang='lat' dir='ltr'>simas</span> <span class='ocrx_word' id='word_1_43' title='bbox 610 718 730 760; x_wconf 86' lang='lat' dir='ltr'>dotes</span> <span class='ocrx_word' id='word_1_44' title='bbox 778 717 1093 765; x_wconf 76' lang='lat' dir='ltr'>cathedrarum,</span> <span class='ocrx_word' id='word_1_45' title='bbox 1137 716 1423 758; x_wconf 81' lang='lat' dir='ltr'>fertilissimas</span> <span class='ocrx_word' id='word_1_46' title='bbox 1455 717 1738 759; x_wconf 67' lang='lat' dir='ltr'>obventiones</span> <span class='ocrx_word' id='word_1_47' title='bbox 1779 732 1854 773; x_wconf 86' lang='lat' dir='ltr'>pa-</span> 
     </span>
     <span class='ocr_line' id='line_1_8' title="bbox 447 785 1852 841; baseline 0 -13"><span class='ocrx_word' id='word_1_48' title='bbox 447 787 703 835; x_wconf 87' lang='lat' dir='ltr'>rochiarum,</span> <span class='ocrx_word' id='word_1_49' title='bbox 742 785 1141 827; x_wconf 86' lang='lat' dir='ltr'>abundantissimas</span> <span class='ocrx_word' id='word_1_50' title='bbox 1182 785 1466 840; x_wconf 85' lang='lat' dir='ltr'>possessiones</span> <span class='ocrx_word' id='word_1_51' title='bbox 1507 785 1776 841; x_wconf 81' lang='lat' dir='ltr'>religionum,</span> <span class='ocrx_word' id='word_1_52' title='bbox 1808 789 1852 828; x_wconf 89' lang='lat' dir='ltr'>et</span> 
     </span>
     <span class='ocr_line' id='line_1_9' title="bbox 448 853 1850 910; baseline -0.001 -14"><span class='ocrx_word' id='word_1_53' title='bbox 448 858 606 910; x_wconf 69' lang='lat' dir='ltr'>praeter</span> <span class='ocrx_word' id='word_1_54' title='bbox 647 854 883 909; x_wconf 79' lang='lat' dir='ltr'>stupendas</span> <span class='ocrx_word' id='word_1_55' title='bbox 931 867 1176 894; x_wconf 87' lang='lat' dir='ltr'>annuorum</span> <span class='ocrx_word' id='word_1_56' title='bbox 1217 857 1501 908; x_wconf 73' lang='lat' dir='ltr'>provectuum</span> <span class='ocrx_word' id='word_1_57' title='bbox 1543 853 1850 895; x_wconf 80' lang='lat' dir='ltr'>exuberantias</span> 
     </span>
     <span class='ocr_line' id='line_1_10' title="bbox 449 921 1851 977; baseline 0.001 -14"><span class='ocrx_word' id='word_1_58' title='bbox 449 922 757 977; x_wconf 85' lang='lat' dir='ltr'>copiosissimas</span> <span class='ocrx_word' id='word_1_59' title='bbox 789 924 1123 977; x_wconf 79' lang='lat' dir='ltr'>spontanearum</span> <span class='ocrx_word' id='word_1_60' title='bbox 1152 921 1460 977; x_wconf 74' lang='lat' dir='ltr'>praebitionum</span> <span class='ocrx_word' id='word_1_61' title='bbox 1501 921 1777 977; x_wconf 81' lang='lat' dir='ltr'>profusiones,</span> <span class='ocrx_word' id='word_1_62' title='bbox 1807 926 1851 964; x_wconf 89' lang='lat' dir='ltr'>et</span> 
     </span>
     <span class='ocr_line' id='line_1_11' title="bbox 449 990 1850 1046; baseline 0.001 -15"><span class='ocrx_word' id='word_1_63' title='bbox 449 991 832 1046; x_wconf 83' lang='lat' dir='ltr'>multiplicissimas</span> <span class='ocrx_word' id='word_1_64' title='bbox 888 990 1192 1046; x_wconf 83' lang='lat' dir='ltr'>iinpositarum</span> <span class='ocrx_word' id='word_1_65' title='bbox 1250 990 1627 1031; x_wconf 82' lang='lat' dir='ltr'>contributionum</span> <span class='ocrx_word' id='word_1_66' title='bbox 1669 993 1850 1045; x_wconf 86' lang='lat' dir='ltr'>praesta-</span> 
     </span>
     <span class='ocr_line' id='line_1_12' title="bbox 448 1058 1849 1114; baseline 0 -14"><span class='ocrx_word' id='word_1_67' title='bbox 448 1059 621 1100; x_wconf 64' lang='lat' dir='ltr'>tiones?</span> <span class='ocrx_word' id='word_1_68' title='bbox 683 1059 752 1099; x_wconf 74' lang='lat' dir='ltr'>EX</span> <span class='ocrx_word' id='word_1_69' title='bbox 775 1058 933 1114; x_wconf 86' lang='lat' dir='ltr'>quibus</span> <span class='ocrx_word' id='word_1_70' title='bbox 965 1058 1349 1100; x_wconf 86' lang='lat' dir='ltr'>ecclesiasticorum</span> <span class='ocrx_word' id='word_1_71' title='bbox 1381 1058 1583 1100; x_wconf 87' lang='lat' dir='ltr'>ordinum</span> <span class='ocrx_word' id='word_1_72' title='bbox 1612 1058 1849 1101; x_wconf 86' lang='lat' dir='ltr'>auctoritas</span> 
     </span>
     <span class='ocr_line' id='line_1_13' title="bbox 441 1126 1849 1183; baseline 0.001 -15"><span class='ocrx_word' id='word_1_73' title='bbox 441 1128 540 1183; x_wconf 86' lang='lat' dir='ltr'>jugi</span> <span class='ocrx_word' id='word_1_74' title='bbox 577 1127 763 1182; x_wconf 87' lang='lat' dir='ltr'>juvatur</span> <span class='ocrx_word' id='word_1_75' title='bbox 803 1126 1071 1178; x_wconf 83' lang='lat' dir='ltr'>sufficientia,</span> <span class='ocrx_word' id='word_1_76' title='bbox 1104 1129 1156 1167; x_wconf 90' lang='lat' dir='ltr'>ut</span> <span class='ocrx_word' id='word_1_77' title='bbox 1200 1131 1454 1182; x_wconf 88' lang='lat' dir='ltr'>sumptuum</span> <span class='ocrx_word' id='word_1_78' title='bbox 1499 1126 1719 1169; x_wconf 86' lang='lat' dir='ltr'>honestati</span> <span class='ocrx_word' id='word_1_79' title='bbox 1751 1142 1849 1169; x_wconf 89' lang='lat' dir='ltr'>con-</span> 
     </span>
     <span class='ocr_line' id='line_1_14' title="bbox 447 1194 1849 1251; baseline 0 -14"><span class='ocrx_word' id='word_1_80' title='bbox 447 1196 695 1237; x_wconf 85' lang='lat' dir='ltr'>venientius</span> <span class='ocrx_word' id='word_1_81' title='bbox 726 1195 965 1251; x_wconf 85' lang='lat' dir='ltr'>provideat,</span> <span class='ocrx_word' id='word_1_82' title='bbox 999 1199 1042 1236; x_wconf 85' lang='lat' dir='ltr'>et</span> <span class='ocrx_word' id='word_1_83' title='bbox 1085 1194 1320 1236; x_wconf 84' lang='lat' dir='ltr'>amicorum</span> <span class='ocrx_word' id='word_1_84' title='bbox 1361 1194 1713 1237; x_wconf 82' lang='lat' dir='ltr'>benevolentiam</span> <span class='ocrx_word' id='word_1_85' title='bbox 1743 1196 1849 1237; x_wconf 88' lang='lat' dir='ltr'>soci-</span> 
     </span>
     <span class='ocr_line' id='line_1_15' title="bbox 447 1263 1850 1320; baseline 0.001 -15"><span class='ocrx_word' id='word_1_86' title='bbox 447 1264 558 1305; x_wconf 80' lang='lat' dir='ltr'>alius</span> <span class='ocrx_word' id='word_1_87' title='bbox 590 1264 799 1314; x_wconf 84' lang='lat' dir='ltr'>conciliet,</span> <span class='ocrx_word' id='word_1_88' title='bbox 830 1266 874 1305; x_wconf 91' lang='lat' dir='ltr'>et</span> <span class='ocrx_word' id='word_1_89' title='bbox 905 1263 1182 1304; x_wconf 87' lang='lat' dir='ltr'>inimicorum</span> <span class='ocrx_word' id='word_1_90' title='bbox 1214 1263 1471 1305; x_wconf 90' lang='lat' dir='ltr'>violentiam</span> <span class='ocrx_word' id='word_1_91' title='bbox 1492 1263 1712 1319; x_wconf 87' lang='lat' dir='ltr'>vigentius</span> <span class='ocrx_word' id='word_1_92' title='bbox 1754 1279 1850 1320; x_wconf 88' lang='lat' dir='ltr'>pro-</span> 
     </span>
     <span class='ocr_line' id='line_1_16' title="bbox 446 1331 1846 1388; baseline 0.001 -15"><span class='ocrx_word' id='word_1_93' title='bbox 446 1332 588 1388; x_wconf 88' lang='lat' dir='ltr'>pellat.</span> <span class='ocrx_word' id='word_1_94' title='bbox 653 1332 759 1384; x_wconf 77' lang='lat' dir='ltr'>Quis</span> <span class='ocrx_word' id='word_1_95' title='bbox 801 1346 901 1387; x_wconf 84' lang='lat' dir='ltr'>ergo</span> <span class='ocrx_word' id='word_1_96' title='bbox 945 1346 1035 1373; x_wconf 87' lang='lat' dir='ltr'>non</span> <span class='ocrx_word' id='word_1_97' title='bbox 1068 1331 1227 1382; x_wconf 83' lang='lat' dir='ltr'>videat,</span> <span class='ocrx_word' id='word_1_98' title='bbox 1262 1331 1436 1373; x_wconf 89' lang='lat' dir='ltr'>domine</span> <span class='ocrx_word' id='word_1_99' title='bbox 1479 1332 1846 1383; x_wconf 85' lang='lat' dir='ltr'>reverendissime,</span> 
     </span>
     <span class='ocr_line' id='line_1_17' title="bbox 447 1399 1847 1456; baseline 0.001 -15"><span class='ocrx_word' id='word_1_100' title='bbox 447 1401 563 1454; x_wconf 91' lang='lat' dir='ltr'>quod</span> <span class='ocrx_word' id='word_1_101' title='bbox 595 1400 677 1441; x_wconf 89' lang='lat' dir='ltr'>etsi</span> <span class='ocrx_word' id='word_1_102' title='bbox 709 1400 779 1447; x_wconf 85' lang='lat' dir='ltr'>eis,</span> <span class='ocrx_word' id='word_1_103' title='bbox 825 1414 930 1454; x_wconf 85' lang='lat' dir='ltr'>quos</span> <span class='ocrx_word' id='word_1_104' title='bbox 972 1414 1088 1440; x_wconf 87' lang='lat' dir='ltr'>nunc</span> <span class='ocrx_word' id='word_1_105' title='bbox 1121 1399 1356 1455; x_wconf 76' lang='lat' dir='ltr'>designavi,</span> <span class='ocrx_word' id='word_1_106' title='bbox 1391 1399 1658 1456; x_wconf 79' lang='lat' dir='ltr'>dignationis</span> <span class='ocrx_word' id='word_1_107' title='bbox 1690 1403 1847 1443; x_wconf 80' lang='lat' dir='ltr'>vestrae</span> 
     </span>
     <span class='ocr_line' id='line_1_18' title="bbox 445 1468 1847 1523; baseline 0.001 -14"><span class='ocrx_word' id='word_1_108' title='bbox 445 1468 692 1523; x_wconf 79' lang='lat' dir='ltr'>benignitas</span> <span class='ocrx_word' id='word_1_109' title='bbox 724 1468 960 1523; x_wconf 85' lang='lat' dir='ltr'>plurimum</span> <span class='ocrx_word' id='word_1_110' title='bbox 993 1468 1051 1509; x_wconf 88' lang='lat' dir='ltr'>sit</span> <span class='ocrx_word' id='word_1_111' title='bbox 1079 1468 1315 1509; x_wconf 87' lang='lat' dir='ltr'>necessaria</span> <span class='ocrx_word' id='word_1_112' title='bbox 1345 1468 1485 1510; x_wconf 89' lang='lat' dir='ltr'>eidem</span> <span class='ocrx_word' id='word_1_113' title='bbox 1515 1471 1663 1510; x_wconf 85' lang='lat' dir='ltr'>tamen</span> <span class='ocrx_word' id='word_1_114' title='bbox 1694 1483 1847 1511; x_wconf 90' lang='lat' dir='ltr'>eorun-</span> 
     </span>
     <span class='ocr_line' id='line_1_19' title="bbox 446 1535 1846 1593; baseline 0.001 -16"><span class='ocrx_word' id='word_1_115' title='bbox 446 1536 550 1577; x_wconf 87' lang='lat' dir='ltr'>dum</span> <span class='ocrx_word' id='word_1_116' title='bbox 581 1536 860 1592; x_wconf 84' lang='lat' dir='ltr'>subjectionis</span> <span class='ocrx_word' id='word_1_117' title='bbox 893 1551 981 1578; x_wconf 75' lang='lat' dir='ltr'>siue</span> <span class='ocrx_word' id='word_1_118' title='bbox 1013 1535 1237 1577; x_wconf 81' lang='lat' dir='ltr'>humilitas</span> <span class='ocrx_word' id='word_1_119' title='bbox 1271 1550 1361 1577; x_wconf 88' lang='lat' dir='ltr'>non</span> <span class='ocrx_word' id='word_1_120' title='bbox 1391 1550 1546 1592; x_wconf 87' lang='lat' dir='ltr'>parum</span> <span class='ocrx_word' id='word_1_121' title='bbox 1588 1539 1654 1577; x_wconf 85' lang='lat' dir='ltr'>est</span> <span class='ocrx_word' id='word_1_122' title='bbox 1697 1551 1846 1593; x_wconf 87' lang='lat' dir='ltr'>oppor-</span> 
     </span>
     <span class='ocr_line' id='line_1_20' title="bbox 446 1604 1846 1659; baseline 0.002 -15"><span class='ocrx_word' id='word_1_123' title='bbox 446 1607 584 1645; x_wconf 72' lang='lat' dir='ltr'>tuna?</span> <span class='ocrx_word' id='word_1_124' title='bbox 618 1604 734 1655; x_wconf 74' lang='lat' dir='ltr'>Quid</span> <span class='ocrx_word' id='word_1_125' title='bbox 757 1607 822 1645; x_wconf 81' lang='lat' dir='ltr'>cst</span> <span class='ocrx_word' id='word_1_126' title='bbox 853 1604 1000 1659; x_wconf 85' lang='lat' dir='ltr'>igitur,</span> <span class='ocrx_word' id='word_1_127' title='bbox 1024 1604 1140 1659; x_wconf 82' lang='lat' dir='ltr'>quod</span> <span class='ocrx_word' id='word_1_128' title='bbox 1162 1604 1264 1659; x_wconf 87' lang='lat' dir='ltr'>ipsis</span> <span class='ocrx_word' id='word_1_129' title='bbox 1295 1618 1488 1659; x_wconf 84' lang='lat' dir='ltr'>unquam</span> <span class='ocrx_word' id='word_1_130' title='bbox 1510 1608 1668 1647; x_wconf 77' lang='lat' dir='ltr'>vestrae</span> <span class='ocrx_word' id='word_1_131' title='bbox 1689 1605 1846 1647; x_wconf 90' lang='lat' dir='ltr'>seduli-</span> 
     </span>
     <span class='ocr_line' id='line_1_21' title="bbox 445 1672 1845 1728; baseline 0.001 -15"><span class='ocrx_word' id='word_1_132' title='bbox 445 1672 550 1713; x_wconf 83' lang='lat' dir='ltr'>tatis</span> <span class='ocrx_word' id='word_1_133' title='bbox 582 1672 804 1727; x_wconf 85' lang='lat' dir='ltr'>provisiva</span> <span class='ocrx_word' id='word_1_134' title='bbox 831 1672 1006 1713; x_wconf 78' lang='lat' dir='ltr'>bonitas</span> <span class='ocrx_word' id='word_1_135' title='bbox 1028 1686 1185 1727; x_wconf 88' lang='lat' dir='ltr'>negare</span> <span class='ocrx_word' id='word_1_136' title='bbox 1208 1672 1405 1722; x_wconf 84' lang='lat' dir='ltr'>valuerit,</span> <span class='ocrx_word' id='word_1_137' title='bbox 1430 1672 1506 1713; x_wconf 87' lang='lat' dir='ltr'>ubi</span> <span class='ocrx_word' id='word_1_138' title='bbox 1529 1672 1845 1728; x_wconf 87' lang='lat' dir='ltr'>interpellanti-</span> 
     </span>
     <span class='ocr_line' id='line_1_22' title="bbox 444 1740 1843 1796; baseline 0.001 -14"><span class='ocrx_word' id='word_1_139' title='bbox 444 1740 524 1782; x_wconf 86' lang='lat' dir='ltr'>bus</span> <span class='ocrx_word' id='word_1_140' title='bbox 555 1741 783 1796; x_wconf 82' lang='lat' dir='ltr'>suffragari</span> <span class='ocrx_word' id='word_1_141' title='bbox 811 1740 1082 1796; x_wconf 79' lang='lat' dir='ltr'>cognoscitur</span> <span class='ocrx_word' id='word_1_142' title='bbox 1106 1744 1184 1782; x_wconf 87' lang='lat' dir='ltr'>aut</span> <span class='ocrx_word' id='word_1_143' title='bbox 1208 1740 1342 1795; x_wconf 65' lang='lat' dir='ltr'>justze</span> <span class='ocrx_word' id='word_1_144' title='bbox 1367 1741 1637 1783; x_wconf 72' lang='lat' dir='ltr'>necessitatis</span> <span class='ocrx_word' id='word_1_145' title='bbox 1670 1743 1843 1794; x_wconf 81' lang='lat' dir='ltr'>coactio,</span> 
     </span>
     <span class='ocr_line' id='line_1_23' title="bbox 444 1807 1845 1863; baseline 0.002 -14"><span class='ocrx_word' id='word_1_146' title='bbox 444 1811 522 1850; x_wconf 85' lang='lat' dir='ltr'>aut</span> <span class='ocrx_word' id='word_1_147' title='bbox 554 1824 666 1850; x_wconf 64' lang='lat' dir='ltr'>verto</span> <span class='ocrx_word' id='word_1_148' title='bbox 698 1808 881 1850; x_wconf 74' lang='lat' dir='ltr'>rationis</span> <span class='ocrx_word' id='word_1_149' title='bbox 915 1807 1150 1862; x_wconf 83' lang='lat' dir='ltr'>requisitio,</span> <span class='ocrx_word' id='word_1_150' title='bbox 1174 1812 1251 1849; x_wconf 89' lang='lat' dir='ltr'>aut</span> <span class='ocrx_word' id='word_1_151' title='bbox 1273 1809 1356 1863; x_wconf 66' lang='lat' dir='ltr'>pize</span> <span class='ocrx_word' id='word_1_152' title='bbox 1388 1808 1595 1850; x_wconf 79' lang='lat' dir='ltr'>utilitatis</span> <span class='ocrx_word' id='word_1_153' title='bbox 1626 1809 1845 1852; x_wconf 72' lang='lat' dir='ltr'>intentio?</span> 
     </span>
     <span class='ocr_line' id='line_1_24' title="bbox 445 1876 1842 1934; baseline 0.002 -17"><span class='ocrx_word' id='word_1_154' title='bbox 445 1877 624 1918; x_wconf 87' lang='lat' dir='ltr'>Prorsus</span> <span class='ocrx_word' id='word_1_155' title='bbox 656 1877 766 1918; x_wconf 82' lang='lat' dir='ltr'>sicut</span> <span class='ocrx_word' id='word_1_156' title='bbox 796 1876 891 1918; x_wconf 88' lang='lat' dir='ltr'>fieri</span> <span class='ocrx_word' id='word_1_157' title='bbox 923 1876 1091 1926; x_wconf 88' lang='lat' dir='ltr'>assolet,</span> <span class='ocrx_word' id='word_1_158' title='bbox 1121 1879 1211 1918; x_wconf 89' lang='lat' dir='ltr'>tam</span> <span class='ocrx_word' id='word_1_159' title='bbox 1250 1879 1387 1933; x_wconf 73' lang='lat' dir='ltr'>gratae</span> <span class='ocrx_word' id='word_1_160' title='bbox 1418 1877 1621 1919; x_wconf 87' lang='lat' dir='ltr'>filiationi</span> <span class='ocrx_word' id='word_1_161' title='bbox 1651 1878 1842 1934; x_wconf 87' lang='lat' dir='ltr'>gratiosa</span> 
     </span>
     <span class='ocr_line' id='line_1_25' title="bbox 443 1944 1842 2001; baseline 0.002 -17"><span class='ocrx_word' id='word_1_162' title='bbox 443 1945 681 2000; x_wconf 86' lang='lat' dir='ltr'>paternitas</span> <span class='ocrx_word' id='word_1_163' title='bbox 724 1944 956 2001; x_wconf 80' lang='lat' dir='ltr'>gloriosam</span> <span class='ocrx_word' id='word_1_164' title='bbox 996 1944 1186 2000; x_wconf 80' lang='lat' dir='ltr'>gratiam</span> <span class='ocrx_word' id='word_1_165' title='bbox 1228 1945 1463 2000; x_wconf 86' lang='lat' dir='ltr'>rependere</span> <span class='ocrx_word' id='word_1_166' title='bbox 1495 1945 1677 1998; x_wconf 84' lang='lat' dir='ltr'>curabit,</span> <span class='ocrx_word' id='word_1_167' title='bbox 1711 1946 1842 1988; x_wconf 89' lang='lat' dir='ltr'>Illum</span> 
     </span>
     <span class='ocr_line' id='line_1_26' title="bbox 443 2012 1840 2068; baseline 0.003 -15"><span class='ocrx_word' id='word_1_168' title='bbox 443 2013 628 2064; x_wconf 85' lang='lat' dir='ltr'>imitata,</span> <span class='ocrx_word' id='word_1_169' title='bbox 663 2013 739 2067; x_wconf 86' lang='lat' dir='ltr'>qui</span> <span class='ocrx_word' id='word_1_170' title='bbox 781 2012 888 2054; x_wconf 89' lang='lat' dir='ltr'>dicit</span> <span class='ocrx_word' id='word_1_171' title='bbox 922 2028 931 2054; x_wconf 89' lang='lat'>:</span> <span class='ocrx_word' id='word_1_172' title='bbox 1001 2018 1022 2033; x_wconf 84' lang='lat'><strong>“</strong></span> <span class='ocrx_word' id='word_1_173' title='bbox 1058 2012 1314 2068; x_wconf 73' lang='lat' dir='ltr'>Quicunque</span> <span class='ocrx_word' id='word_1_174' title='bbox 1362 2012 1715 2056; x_wconf 87' lang='lat' dir='ltr'>honorificaverit</span> <span class='ocrx_word' id='word_1_175' title='bbox 1761 2028 1840 2068; x_wconf 86' lang='lat' dir='ltr'>me,</span> 
     </span>
     <span class='ocr_line' id='line_1_27' title="bbox 444 2080 1842 2136; baseline 0.004 -15"><span class='ocrx_word' id='word_1_176' title='bbox 444 2084 465 2102; x_wconf 80' lang='lat'><strong>“</strong></span> <span class='ocrx_word' id='word_1_177' title='bbox 496 2081 745 2136; x_wconf 85' lang='lat' dir='ltr'>glorificabo</span> <span class='ocrx_word' id='word_1_178' title='bbox 798 2095 897 2122; x_wconf 88' lang='lat' dir='ltr'>eum</span> <span class='ocrx_word' id='word_1_179' title='bbox 913 2097 924 2131; x_wconf 81' lang='lat'>3</span> <span class='ocrx_word' id='word_1_180' title='bbox 957 2080 1032 2136; x_wconf 85' lang='lat' dir='ltr'>qui</span> <span class='ocrx_word' id='word_1_181' title='bbox 1080 2083 1227 2122; x_wconf 88' lang='lat' dir='ltr'>autem</span> <span class='ocrx_word' id='word_1_182' title='bbox 1269 2083 1558 2123; x_wconf 89' lang='lat' dir='ltr'>contemnunt</span> <span class='ocrx_word' id='word_1_183' title='bbox 1589 2096 1669 2134; x_wconf 89' lang='lat' dir='ltr'>me,</span> <span class='ocrx_word' id='word_1_184' title='bbox 1713 2085 1842 2126; x_wconf 88' lang='lat' dir='ltr'>erunt</span> 
     </span>
     <span class='ocr_line' id='line_1_28' title="bbox 444 2147 1840 2204; baseline 0.004 -16"><span class='ocrx_word' id='word_1_185' title='bbox 444 2152 467 2170; x_wconf 76' lang='lat'>‘⁴</span> <span class='ocrx_word' id='word_1_186' title='bbox 497 2147 744 2204; x_wconf 80' lang='lat' dir='ltr'>ignobiles.”</span> <span class='ocrx_word' id='word_1_187' title='bbox 808 2148 855 2189; x_wconf 80' lang='lat' dir='ltr'>Si</span> <span class='ocrx_word' id='word_1_188' title='bbox 888 2148 1148 2203; x_wconf 82' lang='lat' dir='ltr'>quandoque</span> <span class='ocrx_word' id='word_1_189' title='bbox 1181 2148 1392 2204; x_wconf 84' lang='lat' dir='ltr'>subjectio</span> <span class='ocrx_word' id='word_1_190' title='bbox 1424 2149 1570 2190; x_wconf 89' lang='lat' dir='ltr'>filialis</span> <span class='ocrx_word' id='word_1_191' title='bbox 1601 2149 1840 2193; x_wconf 89' lang='lat' dir='ltr'>humanum</span> 
     </span>
     <span class='ocr_line' id='line_1_29' title="bbox 441 2215 1838 2272; baseline 0.002 -15"><span class='ocrx_word' id='word_1_192' title='bbox 441 2230 567 2271; x_wconf 86' lang='lat' dir='ltr'>passa</span> <span class='ocrx_word' id='word_1_193' title='bbox 608 2215 822 2271; x_wconf 83' lang='lat' dir='ltr'>paternali</span> <span class='ocrx_word' id='word_1_194' title='bbox 875 2215 1117 2272; x_wconf 73' lang='lat' dir='ltr'>disciplinae</span> <span class='ocrx_word' id='word_1_195' title='bbox 1152 2216 1586 2269; x_wconf 83' lang='lat' dir='ltr'>submurmuraverit,</span> <span class='ocrx_word' id='word_1_196' title='bbox 1628 2233 1717 2261; x_wconf 88' lang='lat' dir='ltr'>non</span> <span class='ocrx_word' id='word_1_197' title='bbox 1748 2221 1838 2262; x_wconf 89' lang='lat' dir='ltr'>tam</span> 
     </span>
     <span class='ocr_line' id='line_1_30' title="bbox 446 2283 1840 2342; baseline 0.001 -16"><span class='ocrx_word' id='word_1_198' title='bbox 446 2283 632 2335; x_wconf 83' lang='lat' dir='ltr'>veniam,</span> <span class='ocrx_word' id='word_1_199' title='bbox 667 2298 797 2338; x_wconf 89' lang='lat' dir='ltr'>quam</span> <span class='ocrx_word' id='word_1_200' title='bbox 830 2284 1251 2326; x_wconf 86' lang='lat' dir='ltr'>commendationem</span> <span class='ocrx_word' id='word_1_201' title='bbox 1282 2286 1452 2337; x_wconf 89' lang='lat' dir='ltr'>meruit,</span> <span class='ocrx_word' id='word_1_202' title='bbox 1490 2286 1608 2342; x_wconf 88' lang='lat' dir='ltr'>quod</span> <span class='ocrx_word' id='word_1_203' title='bbox 1648 2286 1840 2330; x_wconf 87' lang='lat' dir='ltr'>celeriter</span> 
     </span>
     <span class='ocr_line' id='line_1_31' title="bbox 445 2351 1837 2411; baseline 0.003 -18"><span class='ocrx_word' id='word_1_204' title='bbox 445 2352 500 2393; x_wconf 80' lang='lat' dir='ltr'>ad</span> <span class='ocrx_word' id='word_1_205' title='bbox 541 2366 612 2393; x_wconf 88' lang='lat' dir='ltr'>cor</span> <span class='ocrx_word' id='word_1_206' title='bbox 653 2366 826 2393; x_wconf 90' lang='lat' dir='ltr'>reversa</span> <span class='ocrx_word' id='word_1_207' title='bbox 872 2351 1141 2405; x_wconf 82' lang='lat' dir='ltr'>jussionibus</span> <span class='ocrx_word' id='word_1_208' title='bbox 1172 2352 1366 2408; x_wconf 86' lang='lat' dir='ltr'>paternis</span> <span class='ocrx_word' id='word_1_209' title='bbox 1398 2352 1728 2409; x_wconf 87' lang='lat' dir='ltr'>obtemperandi</span> <span class='ocrx_word' id='word_1_210' title='bbox 1767 2355 1837 2411; x_wconf 71' lang='lat' dir='ltr'>Ju-</span> 
     </span>
     <span class='ocr_line' id='line_1_32' title="bbox 441 2419 1836 2477; baseline 0.003 -17"><span class='ocrx_word' id='word_1_211' title='bbox 441 2419 554 2474; x_wconf 88' lang='lat' dir='ltr'>giter</span> <span class='ocrx_word' id='word_1_212' title='bbox 585 2419 699 2474; x_wconf 86' lang='lat' dir='ltr'>gerit</span> <span class='ocrx_word' id='word_1_213' title='bbox 730 2419 1132 2475; x_wconf 86' lang='lat' dir='ltr'>promptitudinem.</span> <span class='ocrx_word' id='word_1_214' title='bbox 1199 2420 1254 2462; x_wconf 88' lang='lat' dir='ltr'>In</span> <span class='ocrx_word' id='word_1_215' title='bbox 1290 2421 1536 2477; x_wconf 77' lang='lat' dir='ltr'>exemplum</span> <span class='ocrx_word' id='word_1_216' title='bbox 1568 2422 1693 2464; x_wconf 87' lang='lat' dir='ltr'>venit</span> <span class='ocrx_word' id='word_1_217' title='bbox 1723 2422 1836 2464; x_wconf 89' lang='lat' dir='ltr'>filius</span> 
     </span>
     <span class='ocr_line' id='line_1_33' title="bbox 443 2486 1833 2544; baseline 0.003 -16"><span class='ocrx_word' id='word_1_218' title='bbox 443 2487 728 2542; x_wconf 76' lang='lat' dir='ltr'>evangelicus,</span> <span class='ocrx_word' id='word_1_219' title='bbox 785 2486 859 2541; x_wconf 89' lang='lat' dir='ltr'>qui</span> <span class='ocrx_word' id='word_1_220' title='bbox 920 2490 1071 2542; x_wconf 87' lang='lat' dir='ltr'>postea</span> <span class='ocrx_word' id='word_1_221' title='bbox 1124 2489 1327 2543; x_wconf 85' lang='lat' dir='ltr'>quoniam</span> <span class='ocrx_word' id='word_1_222' title='bbox 1383 2489 1499 2544; x_wconf 84' lang='lat' dir='ltr'>patri</span> <span class='ocrx_word' id='word_1_223' title='bbox 1555 2490 1833 2541; x_wconf 82' lang='lat' dir='ltr'>contradixit,</span> 
     </span>
     <span class='ocr_line' id='line_1_34' title="bbox 441 2554 1833 2613; baseline 0.004 -17"><span class='ocrx_word' id='word_1_224' title='bbox 441 2554 706 2611; x_wconf 75' lang='lat' dir='ltr'>poenitentia</span> <span class='ocrx_word' id='word_1_225' title='bbox 738 2558 882 2596; x_wconf 85' lang='lat' dir='ltr'>motus</span> <span class='ocrx_word' id='word_1_226' title='bbox 914 2555 1051 2610; x_wconf 88' lang='lat' dir='ltr'>patris</span> <span class='ocrx_word' id='word_1_227' title='bbox 1082 2555 1312 2612; x_wconf 85' lang='lat' dir='ltr'>imperium</span> <span class='ocrx_word' id='word_1_228' title='bbox 1335 2556 1606 2613; x_wconf 81' lang='lat' dir='ltr'>adimplevit.</span> <span class='ocrx_word' id='word_1_229' title='bbox 1671 2558 1719 2600; x_wconf 80' lang='lat' dir='ltr'>Si</span> <span class='ocrx_word' id='word_1_230' title='bbox 1748 2573 1833 2601; x_wconf 90' lang='lat' dir='ltr'>non</span> 
     </span>
     <span class='ocr_line' id='line_1_35' title="bbox 441 2622 1831 2682; baseline 0.002 -17"><span class='ocrx_word' id='word_1_231' title='bbox 441 2637 610 2665; x_wconf 87' lang='lat' dir='ltr'>vererer</span> <span class='ocrx_word' id='word_1_232' title='bbox 661 2637 784 2664; x_wconf 77' lang='lat' dir='ltr'>voces</span> <span class='ocrx_word' id='word_1_233' title='bbox 835 2622 1108 2678; x_wconf 85' lang='lat' dir='ltr'>importunas</span> <span class='ocrx_word' id='word_1_234' title='bbox 1159 2624 1360 2681; x_wconf 84' lang='lat' dir='ltr'>benignis</span> <span class='ocrx_word' id='word_1_235' title='bbox 1408 2625 1593 2676; x_wconf 70' lang='lat' dir='ltr'>auribus</span> <span class='ocrx_word' id='word_1_236' title='bbox 1626 2625 1831 2682; x_wconf 84' lang='lat' dir='ltr'>ingerere,</span> 
     </span>
     <span class='ocr_line' id='line_1_36' title="bbox 441 2691 1832 2750; baseline 0.004 -19"><span class='ocrx_word' id='word_1_237' title='bbox 441 2691 738 2732; x_wconf 86' lang='lat' dir='ltr'>honorabilem</span> <span class='ocrx_word' id='word_1_238' title='bbox 780 2693 941 2732; x_wconf 89' lang='lat' dir='ltr'>coetum</span> <span class='ocrx_word' id='word_1_239' title='bbox 995 2691 1270 2734; x_wconf 89' lang='lat' dir='ltr'>dominorum</span> <span class='ocrx_word' id='word_1_240' title='bbox 1308 2692 1592 2734; x_wconf 86' lang='lat' dir='ltr'>cardinalium</span> <span class='ocrx_word' id='word_1_241' title='bbox 1639 2694 1832 2750; x_wconf 82' lang='lat' dir='ltr'>precibus</span> 
     </span>
     <span class='ocr_line' id='line_1_37' title="bbox 441 2759 1831 2818; baseline 0.003 -19"><span class='ocrx_word' id='word_1_242' title='bbox 441 2760 611 2815; x_wconf 84' lang='lat' dir='ltr'>pulsare</span> <span class='ocrx_word' id='word_1_243' title='bbox 634 2762 895 2814; x_wconf 79' lang='lat' dir='ltr'>satagerem3</span> <span class='ocrx_word' id='word_1_244' title='bbox 929 2759 1003 2799; x_wconf 83' lang='lat' dir='ltr'>scd</span> <span class='ocrx_word' id='word_1_245' title='bbox 1038 2760 1139 2801; x_wconf 84' lang='lat' dir='ltr'>novi</span> <span class='ocrx_word' id='word_1_246' title='bbox 1174 2760 1290 2815; x_wconf 86' lang='lat' dir='ltr'>quod</span> <span class='ocrx_word' id='word_1_247' title='bbox 1324 2760 1507 2802; x_wconf 85' lang='lat' dir='ltr'>sufficiat</span> <span class='ocrx_word' id='word_1_248' title='bbox 1538 2761 1621 2817; x_wconf 88' lang='lat' dir='ltr'>piis</span> <span class='ocrx_word' id='word_1_249' title='bbox 1653 2762 1831 2818; x_wconf 87' lang='lat' dir='ltr'>pectori-</span> 
     </span>
     <span class='ocr_line' id='line_1_38' title="bbox 440 2826 1611 2884; baseline 0.003 -17"><span class='ocrx_word' id='word_1_250' title='bbox 440 2828 520 2869; x_wconf 76' lang='lat' dir='ltr'>bus</span> <span class='ocrx_word' id='word_1_251' title='bbox 542 2830 763 2869; x_wconf 86' lang='lat' dir='ltr'>tantorum</span> <span class='ocrx_word' id='word_1_252' title='bbox 787 2826 1032 2882; x_wconf 77' lang='lat' dir='ltr'>sapientum</span> <span class='ocrx_word' id='word_1_253' title='bbox 1055 2828 1316 2870; x_wconf 82' lang='lat' dir='ltr'>occasionem</span> <span class='ocrx_word' id='word_1_254' title='bbox 1349 2829 1611 2884; x_wconf 81' lang='lat' dir='ltr'>praestitisse.</span> 
     </span>
    </p>
   </div>
  </div>
 </body>
</html>
