1905 3180
372 237 424 279 62
789 242 971 277 THOMAs
1002 244 1064 276 DE
1096 244 1358 278 ECCLESTON.

371 379 543 421 quoque
582 364 770 406 Matrem
804 363 1110 406 Misericordia}
1142 362 1393 419 frequenter
1424 362 1472 404 in
1514 362 1603 406 haec
1640 363 1775 406 verba

374 433 630 475 medullitus
673 432 886 475 allocutus
935 435 1030 474 est:
1067 435 1088 453 “
1106 431 1189 473 Per
1235 435 1375 481 tuum,
1418 431 1564 487 Virgo,
1597 431 1773 482 Filium,

372 506 394 524 ‘⁶
426 516 503 557 per
545 501 734 551 Patrem,
778 515 854 557 per
896 499 1178 550 Paraclitum‚
1223 500 1329 541 assis
1365 514 1552 557 praesens
1593 500 1649 542 ad
1686 500 1776 542 obi-

372 576 392 592 “
424 573 520 611 tum
554 584 701 611 meum
732 571 777 611 et
807 583 1025 610 summum
1058 566 1271 611 exitum.'’

431 638 587 680 Frater
622 637 839 679 Robertus
878 637 930 678 de
973 636 1173 688 Tornam,
1210 636 1349 692 primo
1390 636 1626 693 gardianus
1665 636 1776 677 Len-

370 706 465 756 niae,
500 708 651 762 postea
678 720 756 762 per
791 706 953 747 multos
987 719 1125 747 annos
1162 707 1306 747 custos
1341 703 1656 760 Cantabrigiae,
1684 718 1778 760 pos-

369 778 509 816 tremo
542 773 755 816 ineffabili
783 774 961 823 fervore,
996 773 1234 829 impetrata
1269 772 1448 814 licentia
1476 772 1776 828 proficiscendi

369 858 466 884 011111
504 842 814 898 crucesignatis
850 842 897 883 in
927 842 1103 883 Terram
1144 841 1363 891 Sanctam,
1401 855 1499 882 011111
1528 844 1677 883 tamen
1709 841 1776 881 in·-

368 911 705 967 comparabilem
738 914 831 952 tam
863 909 1137 952 saecularium
1166 923 1297 965 quam
1336 908 1523 950 fratrum
1554 909 1602 950 in
1634 908 1773 950 officio

367 978 490 1035 gravi
550 979 821 1034 adquisisset,
874 981 1014 1020 tantae
1057 977 1218 1019 nobilis
1269 992 1357 1019 sua>
1416 977 1675 1019 salvationis
1724 977 1772 1017 in

367 1050 505 1089 morte
543 1047 668 1104 signa
690 1046 969 1097 monstravit,
994 1049 1045 1088 ut
1082 1045 1134 1088 de
1166 1045 1306 1088 salute
1342 1060 1421 1088 sua
1458 1045 1606 1087 nullus
1628 1045 1771 1088 fidelis

365 1116 584 1172 ambigere
619 1115 787 1158 debeat.

426 1184 581 1226 Frater
622 1183 871 1240 Stephanus
919 1183 971 1224 de
1016 1183 1182 1235 Belase,
1210 1182 1351 1239 primo
1389 1182 1625 1239 gai-dianus
1659 1181 1773 1224 Len-

365 1253 464 1303 11116,
507 1255 659 1308 postea
711 1255 854 1294 custos
900 1249 1158 1304 Heffordiae,
1201 1254 1340 1293 tantae
1398 1250 1485 1293 fuit
1531 1250 1772 1292 dulcedinis

365 1324 588 1376 tantaeque
613 1319 901 1376 perfectionis,
935 1323 987 1361 ut
1020 1320 1153 1362 etiam
1190 1319 1426 1376 lachrymis
1460 1319 1603 1361 zelum
1632 1319 1772 1360 cordis

365 1389 431 1430 sui
464 1391 712 1440 testaretur,
746 1403 843 1430 cum
876 1388 1045 1430 videret
1083 1388 1199 1443 quod
1236 1388 1355 1443 rigor
1387 1386 1611 1443 religionis
1648 1386 1772 1428 laxa-

365 1460 495 1500 retur.
544 1457 676 1499 Unde
706 1456 844 1498 nimio
877 1455 1090 1497 desiderio
1123 1455 1283 1511 quietis
1315 1455 1371 1497 ab
1394 1455 1514 1497 omni
1543 1455 1770 1497 absolutus

365 1525 513 1575 officio,
565 1524 720 1567 habuit
765 1523 957 1566 fructum
1000 1538 1127 1565 suum
1180 1524 1227 1565 in
1280 1523 1681 1575 sanctificationem,
1726 1526 1771 1565 et

364 1593 495 1637 finem
527 1608 630 1635 vero
662 1593 802 1634 vitam
834 1596 1053 1635 aeternam.

426 1662 581 1704 Frater
630 1661 743 1704 Will.
797 1661 952 1711 Coche,
1010 1660 1087 1717 qui
1142 1676 1238 1702 cum
1296 1661 1559 1703 fortissimus
1616 1660 1770 1703 robore

365 1730 489 1781 foret,
525 1745 601 1787 per
637 1732 922 1786 praematuros
956 1729 1123 1771 labores
1157 1729 1367 1772 custodiae
1398 1729 1687 1771 Londinensis
1727 1733 1772 1772 et

367 1814 490 1841 curas
522 1798 628 1840 alias
661 1797 838 1854 penitus
879 1797 1132 1839 exinanitus
1158 1800 1236 1840 est.
1302 1797 1373 1840 Ab
1402 1797 1550 1839 activa
1589 1798 1769 1840 tandem

363 1868 419 1909 ad
456 1866 844 1923 contemplativam
886 1880 930 1908 se
972 1865 1216 1919 transtulit,
1268 1869 1313 1909 et
1364 1866 1518 1923 plenus
1567 1866 1768 1923 operibus

364 1936 410 1978 in
442 1950 545 1992 pace
579 1935 758 1991 quievit.

423 2004 579 2046 Frater
624 2003 899 2060 Augustinus
948 2003 1073 2045 bonae
1126 2002 1346 2045 memoriae
1389 2001 1557 2044 Fratris
1599 2002 1666 2045 W.
1712 2003 1765 2044 de

362 2071 637 2127 Notingham
683 2085 928 2127 germanus,
958 2071 1098 2127 primo
1141 2070 1307 2112 domini
1338 2070 1589 2112 Innocentii
1636 2070 1767 2127 Papae

362 2140 438 2182 IV.
480 2139 717 2191 familiaris,
773 2142 924 2194 postea
986 2154 1084 2181 cum
1135 2142 1292 2195 nepote
1344 2139 1538 2194 ejusdem
1601 2139 1767 2180 domini

361 2207 620 2250 Patriarcha
651 2207 926 2248 Antiocheno
967 2206 1014 2248 in
1057 2207 1233 2263 Syriam
1274 2207 1509 2263 profectus,
1546 2209 1764 2263 postremo

362 2275 587 2330 episcopus
632 2274 855 2316 Laodiceae
906 2273 1045 2316 factus
1097 2278 1172 2317 est.
1248 2275 1336 2317 Η10
1387 2275 1541 2317 retulit
1592 2275 1763 2330 publice

361 2343 408 2383 in
459 2345 678 2384 conventu
730 2341 969 2383 Londoniae
1021 2356 1064 2383 se
1116 2342 1249 2383 fuisse
1296 2343 1413 2399 apud
1464 2342 1680 2384 Assisium
1718 2342 1765 2383 in

360 2409 471 2452 festo
510 2409 552 2452 S.
592 2409 824 2461 Francisci,
869 2412 913 2451 et
954 2409 1040 2451 fuit
1071 2409 1133 2451 ibi
1167 2425 1280 2466 papa
1309 2410 1554 2466 Gregorius,
1584 2413 1628 2452 et
1664 2424 1764 2452 cum

358 2478 607 2533 procederet
644 2477 701 2518 ad
749 2477 1074 2533 praedicandum
1117 2478 1356 2520 cantabant
1406 2477 1573 2527 fratres,
1621 2478 1673 2519 H
1672 2492 1764 2520 zmzc

357 2546 555 2589 Seme-tus
601 2544 918 2601 prceelegyerat;
983 2548 1027 2587 et
1096 2545 1279 2587 subrisit
1335 2560 1456 2602 papa.
1548 2545 1762 2588 Narravit

358 2616 506 2655 autem
542 2627 655 2669 papa
695 2613 742 2654 in
783 2612 860 2654 illa
892 2612 1200 2668 praedicatione
1247 2613 1433 2669 qualiter
1469 2614 1585 2670 apud
1622 2614 1763 2656 Vene-

357 2682 442 2723 tias
477 2681 562 2722 duo
590 2680 884 2722 haeresiarchae
915 2680 1109 2722 conversi
1150 2683 1265 2732 sunt,
1290 2684 1334 2723 et
1377 2681 1497 2723 missi
1528 2682 1584 2723 ad
1617 2682 1760 2737 ipsum

359 2763 457 2790 cum
504 2748 664 2790 litteris
717 2748 1014 2800 cardinalium,
1058 2749 1133 2804 qui
1187 2749 1250 2790 ibi
1296 2752 1422 2791 erant
1467 2750 1612 2806 legati,
1664 2764 1760 2791 con-

357 2817 603 2859 tinentibus
652 2817 768 2871 quod
809 2816 938 2858 ambo
986 2816 1051 2857 illi
1097 2817 1289 2859 liseretici
1323 2833 1412 2859 una
1447 2821 1574 2860 nocte
1608 2819 1756 2859 eadem

357 2886 464 2926 hora
516 2885 725 2927 viderunt
774 2885 1013 2928 Dominum
1073 2889 1271 2928 nostrum
1326 2886 1480 2928 Jesum
1531 2885 1754 2928 Christum
