1905 3180
634 243 868 276 ErisroLAE.
1362 232 1441 275 181

666 439 840 481 LXXV.

52 565 438 608 Reverendisssimo
470 565 526 608 in
570 565 743 609 Cleo-isto
780 565 910 621 patri
953 570 990 607 et
1026 564 1212 607 domino
1249 565 1325 615 F.‚¹
1361 564 1449 606 Dea

168 634 321 688 ,φἀίὶω
372 634 657 676 Εοηῶὺηθηδὶ
711 633 942 690 Episcopo,
975 633 1156 674 sziffres
1207 633 1262 675 W.
1306 633 1449 674 Prior

170 702 394 745 Fratrum
434 702 799 745 Paoedicatosrum
830 700 1053 749 Londini,
1088 701 1145 742 A.
1183 700 1450 743 Gemi-limitas·

171 770 392 813 Fratrum
413 770 658 812 Minorum
689 769 912 819 Londmi,
946 774 983 811 ct
1008 769 1199 811 Thomas
1222 768 1273 810 cle
1295 768 1446 818 Hales,

172 837 573 894 supplicis-simum
605 838 757 894 ‹ligyme
789 836 1038 880 devotionis
1060 837 1366 892 fimi-sulatum.

115 958 292 1008 Scimus,
318 958 489 1002 domine
512 959 888 1007 venerandissime,
924 958 1038 1013 quod
1069 961 1113 1000 et
1139 957 1292 999 melius
1325 957 1450 1000 novit
1468 972 1639 1015 Excusing

53 1027 168 1068 clara
210 1031 362 1070 vestrae
403 1029 579 1084 pietatis
620 1028 847 1077 industria,
882 1027 1104 1069 Christum
1148 1027 1231 1068 Dei
1275 1027 1447 1075 Filium,
1467 1018 1665 1093 {gffssesgffiff

54 1094 137 1136 Dei
187 1095 409 1145 virtutem,
474 1096 557 1137 Dei
608 1096 876 1152 sapientiam,
932 1095 1014 1137 Dei
1065 1096 1297 1152 justitiam,
1366 1094 1450 1134 Dei
1469 1106 1526 1147 ing
1542 1106 1640 1157 their?

54 1163 450 1213 sanctificationem,
515 1164 769 1205 Amatorem
811 1164 1066 1213 animarum,
1120 1179 1208 1206 non
1258 1163 1343 1204 nisi
1394 1163 1450 1204 ad
1468 1151 1657 1226 fflgolssloffil-

54 1231 122 1271 sui
166 1231 300 1286 ipsius
343 1231 660 1273 divinissimam
703 1232 1069 1287 comparationem
1122 1247 1176 1274 ex
1208 1231 1448 1287 Evangelio
1467 1238 1521 1269 the
1539 1239 1646 1288 liying

54 1298 134 1339 sub
164 1298 459 1354 inexplicabili
486 1299 757 1340 districtione
784 1299 977 1341 coelestes
1008 1300 1265 1341 eminentias
1288 1314 1447 1348 eorum,
1467 1283 1658 1358 gggvssoen-

55 1366 128 1421 qui
170 1367 395 1422 pascendis
437 1367 663 1408 animabus
704 1369 807 1408 sunt
849 1369 1065 1417 evocandi,
1110 1367 1449 1423 exquisitissima

52 1435 368 1490 praefinientem
417 1435 645 1490 diligentia
669 1451 679 1486 3
737 1438 850 1476 certe
907 1438 957 1477 ut
1010 1436 1045 1477 is
1103 1437 1337 1478 dumtaxat
1393 1436 1449 1477 ad

53 1505 250 1544 sanctam
302 1501 506 1544 salvificae
551 1502 763 1558 pastionis
815 1517 972 1554 curam,
1028 1505 1195 1546 caeteris
1248 1504 1448 1545 omnibus

54 1569 294 1611 districtius
335 1570 540 1621 arcendis,
587 1570 871 1612 ecclesiastico
907 1572 1107 1627 regimini
1149 1572 1449 1628 praeficiendus

52 1641 309 1688 assumatur,
342 1638 417 1694 qui
453 1653 621 1679 summa
661 1639 823 1694 satagit
859 1640 1102 1695 vigilantia,
1140 1641 1350 1696 primitus,
1400 1642 1450 1680 ut

52 1720 142 1747 non
177 1706 314 1748 intret
344 1707 429 1747 nisi
470 1721 547 1762 per
578 1706 766 1758 ostium3
808 1708 1005 1758 secundo,
1039 1712 1089 1749 ut
1121 1709 1316 1764 proprias
1349 1722 1449 1749 oves

53 1777 179 1816 vocet
222 1774 513 1825 nominatim3
559 1774 704 1825 tertio,
747 1777 798 1815 ut
839 1776 1015 1817 emittat
1048 1791 1118 1817 eas
1165 1777 1221 1817 ad
1262 1790 1449 1832 pascua;

55 1845 221 1897 quarto,
244 1846 295 1883 ut
316 1846 418 1883 anto
440 1857 510 1883 eas
533 1843 666 1883 vadat
683 1857 693 1893 ;
726 1842 891 1896 quinto,
916 1847 967 1883 ut
998 1858 1148 1885 vocem
1182 1844 1272 1898 ejus
1305 1843 1448 1885 audiri

54 1909 110 1951 ab
147 1910 207 1951 eis
239 1910 421 1961 efficiat3
453 1914 588 1959 sexto,
621 1913 670 1951 ut
700 1910 891 1951 animam
924 1926 1045 1952 suain
1072 1926 1149 1967 pro
1181 1912 1268 1953 illis
1301 1914 1445 1967 ponat.

116 1977 232 2029 Quid
263 1981 327 2020 est
348 1981 495 2019 autem
516 1978 680 2019 intrare
710 1993 786 2034 per
817 1978 976 2020 ostium
1008 1980 1092 2021 nisi
1123 1995 1199 2036 per
1226 1979 1449 2021 Christum

54 2043 262 2087 introire?
295 2046 394 2101 Ipso
417 2046 612 2087 dicente:
650 2045 782 2102 “Ego
804 2061 898 2088 sum
931 2047 1089 2088 ostium
1111 2047 1147 2100 ;''
1180 2049 1295 2103 quod
1317 2051 1382 2089 est
1402 2048 1448 2088 in

54 2113 240 2155 introitu
275 2113 449 2156 Christo
471 2114 727 2155 conformari
758 2114 805 2155 in
837 2114 935 2156 miti
964 2115 1223 2165 humilitate,
1258 2116 1303 2158 in
1327 2115 1449 2157 tenui

55 2185 324 2238 paupertate,
358 2182 405 2223 in
438 2182 620 2224 salutari
660 2182 909 2225 acerbitate.
976 2184 1093 2235 Quid
1125 2199 1226 2226 vero
1256 2188 1321 2226 est
1353 2200 1448 2241 pro-

54 2251 170 2305 prias
208 2265 310 2292 oves
338 2265 491 2292 vocare
523 2250 794 2302 nominatim,
829 2251 913 2292 nisi
950 2252 1143 2308 singulos
1175 2253 1447 2294 subditorum

54 2333 130 2374 per
161 2322 304 2360 motus
325 2334 500 2360 suarum
522 2319 811 2368 affectionum,
841 2334 917 2375 per
947 2320 1094 2362 studia
1121 2336 1296 2362 suarum
1328 2335 1449 2362 occu-

53 2387 290 2441 pationum,
336 2402 412 2442 per
466 2387 774 2442 discrepantias
817 2402 992 2429 suarum
1031 2389 1305 2430 fortunarum
1351 2404 1447 2430 cum

53 2453 241 2510 benigno
294 2455 595 2497 subventionis
645 2455 856 2497 desiderio
902 2457 1149 2498 distinctius
1191 2458 1448 2513 designare?

57 2521 174 2573 Quid
207 2523 339 2564 etiam
368 2526 432 2565 est
469 2538 538 2565 eas
571 2523 769 2565 emittere
812 2524 868 2565 ad
895 2539 1066 2580 pascua,
1100 2525 1184 2567 nisi
1223 2526 1274 2567 de
1307 2540 1450 2567 exces-

54 2589 170 2632 sibus
192 2590 340 2647 culpae,
365 2591 417 2633 de
438 2591 653 2633 erroribus
674 2591 945 2647 ignorantiae,
971 2593 1023 2634 de
1045 2593 1283 2635 defectibus
1311 2593 1447 2649 impo-

103 2787 230 2821 ¹Fulco
253 2789 392 2830 Bassett3
410 2789 529 2832 bishop
552 2790 638 2822 from
659 2793 742 2822 1244
768 2794 799 2822 to
820 2787 912 2823 12:382
961 2784 1013 2823 ne
1043 2791 1186 2832 opposed
1212 2790 1266 2824 the
1295 2794 1391 2833 party
1415 2786 1453 2823 of

53 2841 109 2874 the
128 2843 258 2874 barons.
