1905 3180
456 232 539 272 156
950 242 1053 272 ADAE
1087 243 1146 272 DE
1178 242 1373 273 MAmsco

447 353 585 395 felicis
608 353 760 403 bravii,
785 354 853 395 vel
876 355 946 410 pio
979 355 1148 406 affectu,
1173 355 1241 396 vel
1271 355 1427 397 effectu
1456 355 1612 403 valido,
1637 354 1706 396 vel
1731 353 1847 409 quod

447 420 553 462 1111111
595 421 867 476 potissimum
915 425 981 463 est
1026 422 1073 463 in
1115 422 1338 471 desiderio,
1384 423 1542 464 affectu
1595 422 1758 477 pariter
1804 425 1848 462 et

447 489 600 529 effectu
631 488 678 529 in
708 488 880 531 Christo
903 489 1009 530 Jesu
1038 490 1227 531 Domino
1266 504 1368 531 meo.
1424 490 1534 531 Vere
1572 489 1694 530 doleo
1732 489 1846 544 plus-

446 570 576 610 quam
619 556 832 612 explicare
874 556 1041 598 valeam
1074 572 1152 612 pro
1200 572 1248 599 eo
1286 558 1403 613 quod
1440 557 1551 599 sicut
1583 557 1848 598 constitutus

446 638 589 664 coram
620 624 796 665 amabili
829 625 1057 680 presentiae
1095 628 1249 666 vestrae
1281 625 1527 666 reverentia
1573 639 1701 680 super
1741 623 1849 665 litus

446 691 576 732 maris
600 692 816 743 Dovorife,
839 692 887 733 in
912 695 1041 733 tanta
1068 696 1158 733 tam
1191 693 1332 734 maesti
1364 693 1502 735 cordis
1535 692 1725 748 angaria,
1750 706 1848 733 cum

445 758 721 800 lacrimarum
755 760 970 815 profluvio
1013 760 1217 801 obnixius
1251 761 1415 817 rogavi,
1450 764 1501 802 ut
1534 775 1560 801 a
1593 761 1691 801 sede
1729 773 1849 815 apos-

446 827 576 868 tolica
609 827 917 882 impetraretur
949 828 1195 879 auctoritas,
1230 842 1306 884 per
1337 843 1467 884 quam
1502 828 1572 870 via
1606 827 1714 868 mibi
1745 841 1849 882 pan-

446 894 620 936 deretur
651 898 799 936 contra
832 895 1102 950 importunas
1134 896 1356 938 variarum
1399 895 1706 952 difficultatum
1739 894 1848 936 deti-

446 962 628 1011 nentias,
667 965 719 1003 ut
759 963 880 1004 filiali
913 963 1146 1005 devotione
1187 964 1447 1019 paternitati
1489 966 1646 1005 vestrae
1688 962 1736 1003 in
1784 962 1848 1003 di-

446 1029 561 1070 vinis
593 1030 804 1086 operibus,
835 1030 1041 1086 expedita
1070 1031 1285 1082 libertate,
1317 1031 1507 1073 valerem
1539 1031 1847 1086 obtemperare.

448 1097 575 1148 Quod
609 1098 797 1153 qualiter
833 1098 926 1139 fieri
955 1099 1112 1148 valeat,
1147 1099 1337 1140 Domino
1369 1099 1570 1154 propitio,
1599 1098 1849 1139 nullatenus

445 1165 584 1214 video,
633 1166 717 1206 nisi
766 1166 822 1207 ad
870 1165 949 1207 hoc
1000 1166 1111 1207 illud
1167 1167 1416 1208 sanctitatis
1466 1169 1625 1207 vestrae
1678 1165 1849 1207 laboret

447 1233 594 1274 sedula
625 1233 839 1283 discretio,
872 1237 1048 1289 propter
1090 1234 1378 1275 inexorabiles
1420 1233 1587 1275 domini
1618 1233 1742 1289 regis,
1776 1232 1849 1274 do-

447 1301 578 1342 minae
609 1301 780 1357 reginen,
813 1301 978 1343 ordinis
1020 1301 1169 1350 nostri,
1204 1305 1248 1343 et
1290 1302 1475 1343 aliorum
1517 1301 1707 1357 plurium
1740 1301 1850 1342 deti—

448 1368 628 1409 nentias.
694 1368 820 1420 Quod
855 1369 890 1409 si
928 1369 1113 1410 fratrum
1150 1370 1369 1411 minorum
1403 1370 1602 1411 minister
1637 1368 1850 1424 generalis

447 1436 504 1477 ad
535 1437 699 1477 curiam
733 1437 784 1477 de
828 1436 1009 1477 Graecia¹
1055 1437 1324 1486 remeaverit,
1359 1451 1435 1492 per
1476 1437 1599 1477 illum
1643 1437 1695 1477 de
1728 1436 1849 1491 adju—

449 1504 560 1545 torio
599 1503 838 1546 Salvatoris
871 1504 1026 1545 melius
1057 1505 1220 1560 poterit
1253 1505 1299 1545 in
1332 1504 1410 1546 hac
1444 1508 1567 1560 parte
1599 1504 1828 1560 provideri.

510 1572 666 1613 Nescio
704 1572 918 1627 quomodo
960 1576 1107 1627 pastor
1148 1576 1298 1613 notam
1342 1572 1554 1627 effugeret
1596 1572 1850 1613 mercenarii

451 1639 486 1680 si
518 1639 598 1681 sub
631 1640 738 1680 duro
770 1639 1018 1695 principatu
1051 1643 1095 1681 et
1129 1640 1297 1681 malitia
1329 1640 1535 1695 temporis
1568 1640 1679 1681 ovile
1713 1639 1849 1681 domi-

451 1707 597 1749 nicum
628 1707 800 1763 fugiens
833 1707 1058 1749 desereret.
1139 1708 1432 1759 Quamobrem
1465 1707 1590 1748 corde
1627 1707 1850 1749 laetificato

450 1775 588 1816 libens
619 1775 790 1830 inspexi
826 1775 940 1829 quod
973 1775 1142 1830 paginae
1190 1776 1297 1816 1111111
1344 1775 1607 1816 transmissae
1649 1775 1850 1816 inseruis—

451 1843 519 1894 tis,
542 1842 652 1883 illud
680 1842 912 1884 videlicet:
952 1843 1091 1884 “Non
1122 1857 1315 1899 propono
1347 1857 1464 1885 nunc
1495 1843 1652 1891 cedere,
1678 1843 1752 1884 sed
1773 1858 1849 1899 per

454 1917 474 1932 ‘⁶
506 1910 623 1951 viam
662 1913 915 1966 przetactam
948 1926 1045 1953 cum
1081 1911 1162 1953 Dei
1198 1911 1415 1967 adjutorio
1452 1910 1717 1966 procedere.’'
1780 1911 1848 1953 Sit

451 1978 697 2020 benedictio
729 1978 866 2020 divini
900 1979 1070 2020 timoris
1114 1979 1457 2034 Omnipotentiae.
1490 1979 1564 2034 qui
1606 1977 1689 2021 sibi
1730 1979 1849 2020 obse—

453 2046 683 2100 quentium
714 2046 901 2088 fideliter
938 2061 1162 2102 nunquam
1203 2048 1364 2102 poterit
1395 2050 1684 2103 persecutores
1716 2062 1850 2102 quan-

452 2117 718 2168 tumcunque
762 2114 990 2155 saevientes
1034 2129 1123 2156 non
1160 2115 1402 2170 reprimere.
1488 2116 1561 2157 Ita
1601 2130 1757 2171 gravor
1799 2119 1849 2157 ut

451 2193 540 2222 non
582 2184 804 2222 remaneat
838 2182 882 2221 in
914 2197 982 2223 me
1023 2182 1214 2237 spiritus,
1248 2197 1343 2223 cum
1376 2183 1624 2238 frequenter
1659 2184 1848 2239 recogito

451 2251 592 2303 pestes
634 2248 731 2288 illas
781 2261 877 2302 quze
919 2252 1109 2290 vestram
1165 2254 1268 2291 sunt
1310 2251 1529 2293 comitatae
1572 2251 1847 2306 dignitatem,

452 2315 553 2356 vilis
598 2315 702 2356 vitae
734 2315 953 2371 spurcitiis
995 2320 1040 2358 et
1076 2316 1331 2372 ignominiis
1363 2318 1584 2374 opprobrii
1626 2319 1849 2374 lupanaris

451 2382 729 2436 spectabilem
781 2386 935 2424 vestrae
978 2384 1129 2425 domus
1172 2385 1416 2439 opinionem
1454 2386 1718 2427 intolerabili
1760 2401 1849 2427 ina-

452 2449 646 2491 eulantes
697 2450 885 2491 infamia.
970 2451 1075 2491 Illos
1127 2451 1278 2506 loquor
1322 2453 1411 2494 solo
1459 2453 1633 2494 nomine
1676 2454 1848 2496 clericos

451 2517 619 2565 stultos,
663 2517 709 2557 ni
744 2517 877 2567 sallor,
916 2522 960 2558 et
995 2518 1170 2573 penitus
1212 2519 1458 2575 inexpertes
1492 2521 1538 2561 111
1570 2520 1697 2562 robus
1730 2522 1847 2564 tanti

451 2584 668 2639 pontificis
709 2584 1079 2633 administrandis,
1122 2587 1355 2627 secundum
1399 2587 1515 2642 quod
1557 2603 1632 2643 per
1673 2588 1848 2630 indubi-

451 2655 595 2692 tatum
626 2652 733 2692 mihi
764 2652 1063 2694 testimonium
1095 2653 1297 2696 innotuit.
1374 2655 1506 2697 Absit
1537 2660 1589 2697 ut
1622 2671 1750 2712 super
1781 2657 1847 2699 1113

451 2719 715 2775 corrigendis
746 2723 893 2760 vestra
924 2723 1094 2777 torpeat
1128 2722 1353 2763 benedicta
1387 2723 1723 2779 circumspectio.

566 2884 572 2907 ¹
598 2882 651 2919 Fr.
670 2884 839 2919 «Iohannes
857 2888 896 2919 de
914 2888 1042 2921 Parma.
1091 2889 1152 2921 Sec
1168 2900 1198 2931 p.
1217 2893 1268 2922 40.
1315 2889 1367 2922 Ile
1386 2901 1450 2922 was
1468 2890 1558 2924 there
1576 2891 1609 2923 in
1631 2890 1723 2925 1249.
