1905 3180
397 237 482 278 300
882 244 987 275 ADAE
1019 245 1079 275 DE
1111 243 1306 277 MAmsco

175 383 340 415 confident
398 362 625 403 eventibus
661 361 835 403 domino
873 360 1020 402 comiti
1051 364 1095 402 et
1127 360 1250 402 vobis
1280 375 1356 416 per
1400 360 1483 402 Dei
1520 361 1794 403 clementiam

173 428 211 502 (ξ
229 427 283 501 ῑῗξθ
398 430 613 480 concessis,
647 429 693 470 in
737 429 894 471 litteris
937 432 1027 469 tam
1061 428 1292 484 diligenter
1323 428 1584 484 conscriptis,
1631 432 1793 471 statum

173 482 319 546 „⁴122ssoe
397 511 564 552 quoque
595 497 822 538 memorati
854 496 1026 538 comitis
1057 500 1101 537 et
1126 496 1261 538 vestri
1292 496 1610 552 liberorumque
1632 501 1796 538 vestro-

172 568 307 590 success.
395 579 490 605 rum
522 564 783 606 desideranti
827 565 971 605 animo
1002 564 1267 605 innotescere
1311 578 1399 606 non
1431 564 1645 606 omisistis.
1726 565 1795 606 Sit

394 632 634 674 benedictio
687 647 881 688 supernae
934 632 1245 687 dispensationi
1291 646 1367 687 per
1415 632 1569 681 omnia,
1614 647 1711 687 quae
1756 632 1793 674 si

394 700 612 742 obstiterit
653 700 904 742 diffidentiae
951 699 1288 756 pusillanimitas
1330 699 1635 742 indubitanter
1668 700 1794 741 novit

391 768 508 822 quod
529 769 608 809 sub
631 768 793 809 Divino
815 768 1063 823 patrocinio,
1095 767 1142 808 in
1164 766 1434 823 Angelorum
1459 767 1670 823 praesidio,
1695 782 1792 809 cum

391 836 647 877 Sanctorum
679 835 907 890 adjutorio,
942 838 1117 876 cunctas
1149 835 1406 876 salutarium
1436 835 1713 877 difficultates
1745 836 1792 876 111

388 904 587 944 manibus
631 904 859 945 memorati
896 903 1076 952 comitis,
1121 903 1213 944 sive
1258 903 1445 945 saeviant
1491 903 1649 953 hosteS,
1700 904 1792 945 sive

387 971 625 1024 proditores
656 971 900 1019 moliantur,
949 971 1039 1012 sive
1071 970 1361 1026 obloquantur
1393 971 1664 1021 detractores,
1699 971 1790 1012 sive

387 1052 653 1091 perversores
700 1038 931 1087 insaniant,
952 1039 1210 1093 triumphali
1269 1039 1522 1080 celebritate
1577 1053 1784 1081 consum—

387 1105 534 1147 mabit.
599 1106 729 1147 Absit
775 1120 801 1146 a
851 1121 1000 1148 serena
1041 1106 1149 1161 regii
1193 1107 1331 1148 cordis
1376 1107 1630 1149 excellentia
1675 1122 1787 1148 vana

387 1173 476 1214 ficti
498 1173 667 1214 timoris
690 1174 875 1229 ignavia.
939 1174 1168 1229 Numquid
1190 1174 1390 1216 haesitare
1412 1175 1574 1231 poterit
1595 1175 1788 1217 humana

387 1241 570 1296 suspicio
613 1241 689 1282 ubi
733 1241 929 1297 dignatio
968 1241 1133 1283 Divina
1170 1256 1224 1283 ex
1265 1242 1586 1297 praeteritorum
1623 1242 1790 1284 exhibi-

386 1308 504 1349 tione
555 1309 898 1363 expectationem
945 1309 1189 1350 futurorum
1242 1325 1537 1352 consummare
1588 1311 1790 1352 curavit?

389 1375 458 1416 Sit
494 1391 593 1431 ergo
636 1376 760 1418 vobis
791 1376 837 1417 in
873 1377 1063 1418 Auctore
1100 1377 1253 1418 salutis
1290 1378 1503 1420 certitudo
1536 1377 1789 1429 infallibilis,

388 1444 503 1498 quod
543 1458 593 1485 ea
634 1458 730 1499 quae
771 1444 937 1486 ratione
972 1444 1152 1486 salutari
1184 1448 1286 1486 sunt
1317 1445 1519 1487 inchoata
1560 1446 1791 1488 salubriter

388 1510 651 1566 adimplebit,
690 1515 865 1567 propter
896 1511 1100 1553 Nominis
1131 1512 1198 1553 sui
1231 1512 1414 1568 gloriam
1453 1516 1497 1555 et
1528 1513 1581 1555 de
1612 1528 1656 1555 se
1687 1513 1791 1556 fide-

387 1577 487 1620 liter
517 1579 785 1634 sperantium
816 1578 1161 1622 consolationem.

992 1792 1190 1836 CLXIV.

405 1902 802 1951 Emcellentissimcc
844 1903 1041 1948 domim&
1082 1905 1151 1955 A„
1193 1901 1443 1947 Comitissoe
1483 1903 1755 1962 Leycestrz'oe,

656 1976 816 2017 Frater
846 1974 956 2016 Acla
988 1973 1184 2016 salutem
1214 1973 1270 2015 ‘in
1301 1972 1512 2016 Domino.

163 2110 196 2141 Is
215 2110 369 2143 thankful
446 2097 542 2139 Etsi
582 2110 671 2137 non
722 2094 896 2150 quantis
940 2093 1051 2144 volo,
1096 2107 1193 2136 cum
1251 2092 1427 2148 quantis
1470 2096 1619 2135 tamen
1660 2093 1783 2135 valeo

163 2155 215 2185 sor
230 2155 290 2187 her
386 2166 623 2221 gratiarnm
657 2163 908 2212 actionibus,
947 2162 1146 2218 benignae
1178 2161 1425 2203 serenitatis
1458 2164 1614 2203 vestrae
1651 2161 1787 2202 domi-

161 2209 352 2275 {iiiitiillilim
386 2232 553 2274 nationi
595 2231 780 2286 assurgit
816 2245 921 2272 meze
959 2229 1200 2271 devotionis
1244 2229 1428 2278 exilitas,
1461 2242 1538 2284 pro
1572 2243 1621 2270 eo
1658 2229 1782 2283 quod,

386 2301 497 2342 sicut
537 2315 612 2355 per
662 2299 893 2354 benignam
943 2297 1169 2353 dignitatis
1226 2300 1381 2338 vestrae
1432 2296 1623 2337 litteram
1676 2295 1785 2337 mihi

384 2382 521 2423 nuper
548 2366 751 2414 innotuit,
785 2366 898 2407 inter
928 2368 1054 2406 tanta
1082 2364 1301 2406 variarum
1329 2363 1659 2419 occupationum
1695 2378 1785 2405 mo-

383 2435 612 2477 lestamina
667 2437 805 2475 status
858 2433 943 2474 mei
995 2432 1187 2474 sedulam
1237 2431 1388 2487 geritis
1439 2430 1781 2472 sollicitudinem.

387 2503 602 2544 Caeterum
638 2501 749 2542 nihil
780 2499 1020 2542 nobilitatis
1052 2500 1207 2541 vestrae
1245 2499 1316 2554 pio
1353 2498 1514 2554 pectori
1548 2498 1783 2539 consultius

385 2570 475 2611 fore
516 2569 827 2624 comprobatur,
872 2583 1000 2622 quam
1033 2571 1084 2609 ut
1126 2570 1290 2622 quanto
1332 2566 1516 2607 clemens
1558 2565 1782 2607 Divinitas

383 2637 523 2693 gratia
566 2635 831 2692 propensiori
862 2636 976 2676 votis
1008 2635 1197 2690 aspirare
1226 2635 1444 2690 dignatur,
1479 2636 1604 2674 tanto
1642 2632 1779 2674 divini

383 2704 586 2745 Nominis
623 2707 666 2744 et
702 2703 833 2744 timor
863 2702 1070 2744 humilius
1111 2698 1271 2757 vigeat,
1309 2705 1353 2742 et
1386 2700 1511 2741 vivat
1552 2699 1779 2742 sublimius

381 2786 501 2813 amor
528 2771 574 2811 in
602 2770 828 2812 devotione
860 2770 1061 2819 cordium,
1095 2784 1191 2824 quae
1224 2769 1399 2824 dignam
1433 2767 1590 2809 coelicis
1620 2767 1780 2808 illumi-

381 2839 632 2881 nationibus
689 2838 999 2893 gratitudinem
1063 2837 1294 2893 rependere
1358 2850 1446 2877 non
1508 2838 1777 2891 postponunt
