1905 3180
624 262 861 294 EPIsTOLAE.
1358 257 1439 302 4:37

47 387 70 407 “
103 383 231 425 ‘Ecce
281 382 417 438 gladii
470 384 556 425 duo
598 383 693 436 hies
735 398 824 425 non
865 385 1158 440 respondisset
1211 385 1436 433 Dominus,

47 455 70 474 “
100 450 243 493 ‘Satis
279 449 369 499 ests
399 451 474 491 sed
512 451 642 492 nimis
677 454 768 503 est3
805 454 989 506 uterque
1036 467 1138 508 ergo
1176 454 1362 495 ecclesiae
1396 458 1440 495 et

3 531 4 534 ’
46 523 70 542 “
99 518 336 574 spiritualis
368 519 529 560 scilicet
560 519 731 574 gladius
764 522 808 560 et
845 520 1094 560 materialis.
1160 520 1246 561 Sed
1280 521 1316 561 is
1347 522 1440 576 qui-

47 591 70 609 “
102 586 197 627 dem
233 600 309 641 pro
342 586 528 637 ecclesia,
553 586 626 627 ille
648 600 751 627 vero
782 590 826 627 et
855 587 911 628 ab
941 587 1116 629 ecclesia
1148 589 1437 629 exserendus:

47 660 69 677 “
98 654 170 695 ille
203 654 448 703 sacerdotis,
484 654 520 695 is
562 654 715 694 militis
752 669 896 703 manu,
936 655 1011 695 sed
1047 670 1148 696 sane
1185 656 1241 696 ad
1282 660 1441 697 nutum

47 725 70 744 “
100 721 328 763 sacerdotis
361 725 405 762 et
430 721 557 776 jussu
605 721 951 777 imperatoris.'’¹
1031 723 1112 763 Est
1159 723 1296 778 igitur
1327 727 1442 764 uter-

47 803 127 845 que
159 788 355 840 ecclesiae,
389 789 464 830 sed
495 789 689 830 verbalis
723 789 780 830 ad
812 804 954 841 usum,
989 789 1153 831 ferreus
1185 791 1241 831 ad
1272 796 1439 832 nutum.

4 886 5 899 2
48 856 172 908 Quod
232 856 268 897 si
325 857 620 898 ecclesiasticae
674 856 942 912 praelationis
1005 858 1257 899 innocentia
1307 859 1443 914 gladii

46 924 280 965 materialis
323 924 406 965 sibi
436 924 632 966 vindicet
676 925 946 976 exercitium,
981 926 1156 967 obsistit
1202 927 1441 982 prophetia,

47 1007 140 1047 quae
173 991 308 1034 dicit:
355 996 379 1013 “
397 992 485 1041 Vae,
511 992 587 1047 qui
620 992 882 1034 descenditis
910 993 956 1034 in
979 994 1222 1049 AEgyptum
1254 994 1310 1035 ad
1335 1010 1442 1035 aux-

48 1067 70 1082 “
99 1060 235 1111 ilium,
263 1060 310 1101 in
339 1061 458 1116 equis
491 1063 725 1116 sperantes,
760 1064 803 1102 et
837 1061 1050 1102 habentes
1081 1062 1285 1103 fiduciam
1315 1077 1444 1118 supra

48 1133 70 1150 “
101 1128 322 1183 quadrigis
359 1128 462 1183 quia
496 1128 647 1170 multae
677 1131 793 1179 sunt,
833 1134 877 1169 et
916 1144 1044 1184 super
1084 1130 1306 1184 equitibus
1342 1131 1444 1185 quia

49 1199 69 1218 “
99 1196 325 1251 praevalidi
376 1199 480 1237 sunt
533 1197 677 1247 nimis,
721 1200 766 1237 et
817 1211 905 1238 non
959 1201 1064 1238 sunt
1111 1198 1262 1238 confisi
1315 1213 1444 1253 super

47 1267 70 1285 “
102 1263 311 1304 Sanctum
364 1263 511 1314 Israel,
566 1267 609 1304 et
667 1263 909 1305 Dominum
961 1279 1049 1306 11011
1101 1265 1443 1320 exquisierunt.’'

46 1331 374 1374 Consideremus
404 1331 647 1386 Helyseum
678 1332 949 1379 imbecillem,
978 1333 1118 1373 solum
1148 1337 1191 1374 et
1222 1333 1445 1383 inermem,

46 1414 246 1442 curruum
305 1403 348 1441 et
409 1400 609 1454 equitum
662 1400 905 1441 coelestium
957 1400 1175 1455 adjutorio
1217 1401 1442 1450 vallatum,

10 1460 14 1480 ³
46 1467 272 1509 robustum
303 1471 573 1509 armatorum
620 1469 863 1509 exercitum
908 1469 1158 1523 captivasse.
1240 1469 1446 1510 Conside-

9 1551 10 1554 ’
47 1549 186 1577 remus
217 1535 333 1590 quod
374 1550 471 1576 cum
508 1536 674 1577 levaret
718 1536 891 1591 Moyses
930 1550 1095 1581 manus,
1132 1537 1338 1577 vincebat
1382 1536 1445 1577 Is-

47 1603 151 1654 rae13
181 1603 216 1644 si
249 1606 395 1644 autem
428 1604 673 1659 paullulum
696 1604 943 1652 remisisset,
968 1605 1203 1659 superabat
1226 1604 1443 1646 Amalech.

12 1666 16 1704 ,³
49 1671 296 1727 Nunquam,
350 1686 435 1722 oro,
488 1672 638 1712 veniat
700 1672 746 1712 in
800 1672 1069 1713 oblivionem
1129 1673 1444 1713 successoribus

15 1785 17 1797 Ι
49 1738 350 1794 apostolorum,
386 1739 472 1780 “Si
516 1739 636 1780 Deus
678 1754 755 1795 pro
790 1740 929 1791 nobis,
965 1740 1061 1795 quis
1100 1743 1253 1781 contra
1295 1740 1444 1781 nos?'’

49 1807 122 1862 qui
156 1807 380 1862 discipulis
421 1807 499 1859 ait,
534 1808 684 1848 “Ecce
721 1822 799 1862 ego
831 1807 1056 1848 vobiscum
1104 1822 1199 1847 sum
1231 1822 1366 1861 usque
1399 1808 1442 1848 iu

49 1879 76 1898 “
105 1875 521 1916 consummationem
554 1873 753 1925 saeculi;’'
796 1874 919 1929 cujus
956 1888 1113 1915 nomen
1162 1874 1443 1915 benedictum

17 1946 19 1982 ζ
49 1941 96 1983 111
126 1942 283 1984 saecula
305 1945 311 1983 ἒ
331 1941 347 1964 ‘2

94 2144 102 2162 ¹
128 2144 176 2175 Ib.
195 2143 237 2175 iv.
263 2147 292 2175 3.
778 2143 883 2174 duced
907 2143 977 2174 into
1003 2142 1059 2174 the
1081 2143 1170 2184 body
1193 2143 1232 2174 of
1260 2144 1315 2175 the
1339 2145 1445 2183 letter,

93 2197 106 2215 ²
128 2196 217 2228 Here
239 2196 368 2228 follows
391 2206 410 2228 a
434 2196 535 2228 blank
561 2196 600 2227 of
623 2195 716 2237 eigh-
778 2195 818 2226 of
844 2195 954 2227 which
978 2195 1034 2226 the
1069 2194 1243 2237 following
1277 2197 1445 2237 specimen

20 2262 22 2273 ·
42 2253 122 2284 ⁴teen
145 2248 238 2287 lines,
262 2249 327 2280 and
351 2259 393 2280 an
418 2248 523 2280 entire
547 2248 649 2280 blank
666 2258 717 2280 re·
776 2248 845 2278 will
897 2247 1102 2279 suffice—⁰
1121 2247 1233 2278 Prima
1282 2249 1446 2289 particula

51 2311 150 2332 verse.
197 2301 270 2333 The
297 2300 412 2341 epistle
439 2300 547 2332 which
578 2301 715 2339 follows,
774 2299 956 2341 epistolaris
979 2299 1143 2331 solidatio.
1187 2299 1336 2331 Secunda
1365 2313 1446 2342 par-

52 2353 223 2385 addressed
247 2358 281 2385 to
303 2353 360 2385 the
383 2354 472 2394 Abp.
501 2354 539 2385 of
556 2353 661 2389 York‚
690 2353 716 2383 is
780 2351 886 2390 nbula,
898 2351 934 2382 de
945 2351 1076 2393 proelciti
1090 2354 1143 2384 ciii
1157 2352 1277 2389 scribit,
1289 2354 1449 2394 etfratris

22 2426 23 2433 1
52 2404 152 2436 found
167 2406 235 2437 also
265 2405 302 2436 in
329 2416 347 2437 a
373 2405 446 2438 MS.
475 2406 510 2436 in
541 2406 597 2437 the
624 2406 716 2437 Bod-
779 2404 1008 2445 ‘laisei-ibimet
1020 2416 1083 2446 per
1095 2416 1296 2445 consequens,
1314 2405 1447 2437 aliorum

23 2487 24 2493 ,
53 2456 146 2496 1011111,
163 2457 278 2499 Digby
298 2461 368 2490 104.
413 2458 460 2489 Its
482 2457 635 2499 readings
662 2468 717 2489 are
779 2456 946 2498 spirituali
985 2458 1172 2488 comitantia
1212 2462 1243 2488 et
1271 2459 1448 2498 praesentia

23 2497 25 2524 7
53 2508 188 2540 marked
202 2510 241 2542 B.
304 2510 375 2541 The
390 2511 508 2542 Cotton
537 2511 611 2542 MS.
640 2520 718 2541 (011-
780 2509 940 2551 corporali
976 2509 1181 2552 disponendis
1215 2508 1374 2541 divinitus
1405 2513 1450 2540 (ια’

55 2560 141 2593 tains
164 2571 253 2593 some
270 2561 380 2593 trivial
403 2566 586 2594 comments
614 2562 718 2593 intro·
745 2556 748 2602 Ι
778 2562 959 2603 profectum
985 2560 1132 2594 salutis.''
