1905 3180
497 250 558 281 DE
589 251 806 284 ADVENTU
839 253 1067 285 MINORUM.
1449 248 1472 288 9

81 370 170 408 tres
199 365 290 407 dies
330 364 379 405 in
410 363 695 414 hebdomada,
737 366 783 406 in
825 366 1020 421 pluribus
1062 367 1174 409 loeis.
1239 369 1339 424 Ipso
1382 384 1478 411 6611-
1498 375 1587 407 AD.
1608 379 1700 407 1224.

81 436 218 475 ventu
254 431 503 482 Londoniae,
537 435 729 486 tempore
759 433 843 488 piae
874 435 1092 476 memoriae
1116 435 1180 475 W.
1204 437 1403 488 ministri,
1435 442 1478 479 et

83 500 250 542 Fratris
292 499 349 541 H.
393 498 603 554 gardiani‚
652 499 745 540 vidi
787 500 942 542 fratres
985 502 1133 543 bibere
1177 508 1266 544 tam
1311 506 1477 545 acidam

80 568 341 618 cerevisiam,
379 570 431 608 ut
466 567 649 608 mallent
682 567 817 622 aliqui
859 582 1029 622 aquam,
1068 574 1112 610 et
1153 572 1369 613 comedere
1407 587 1477 627 1221-

80 649 193 687 nem,
236 649 368 690 quam
407 638 573 676 tortam
612 633 770 690 vulgus
813 639 950 676 vocat.
1015 636 1210 692 Insuper,
1252 639 1477 681 deficiente

79 718 203 759 pane,
245 703 293 743 in
336 703 555 758 presentia
587 701 693 744 dieti
737 702 929 744 ministri
974 706 1018 745 et
1049 703 1269 760 hospitum
1302 706 1349 746 in
1381 707 1477 748 hos-

79 770 190 827 pitio
221 769 388 812 diutius
418 770 584 813 comedi
615 769 726 811 alia.¹

617 961 846 1005 CoLLArlo
880 962 941 1004 II.

372 1104 438 1147 De
469 1104 637 1147 Prima
667 1103 909 1147 Divisione
940 1104 1171 1147 Fratrum.

147 1222 343 1274 Quatuor
384 1223 518 1278 igitur
567 1223 731 1271 fratres,
771 1237 877 1278 quos
924 1237 1051 1278 supra
1098 1222 1329 1270 nominavi,
1384 1237 1479 1263 eum
1502 1233 1590 1264 AD.
1612 1237 1704 1265 1225.

85 1290 307 1332 venissent
338 1291 618 1339 Londoniam,
653 1291 926 1332 diverterunt
962 1291 1017 1331 ad
1058 1290 1232 1331 Fratres
1274 1290 1480 1331 Praediea-
1501 1277 1689 1353 ΞῌΠξῗῑξέἓ·

85 1362 209 1407 tores,
258 1362 303 1399 et
345 1358 399 1399 ab
443 1359 504 1400 eis
546 1359 732 1414 benigne
779 1358 965 1414 suseepti
1009 1362 1120 1406 srmt,
1167 1362 1210 1398 et
1253 1358 1368 1412 apud
1411 1374 1481 1398 eos
1501 1350 1654 1396 Dorium-

86 1430 338 1467 manserunt
382 1426 532 1467 diebus
579 1426 834 1481 quindecim,
880 1426 1150 1466 comedentes
1195 1429 1239 1466 et
1284 1425 1481 1465 bibent-es
1503 1411 1650 1485 {affid‘og

87 1507 183 1548 quae
229 1494 505 1549 apponebant
536 1494 606 1543 eis,
641 1493 751 1535 sieut
791 1493 1122 1534 familiarissimi.
1185 1493 1341 1534 Postea
1386 1508 1483 1533 eon-

87 1561 307 1602 duxerunt
342 1562 424 1603 sibi
467 1562 642 1603 domum
683 1561 730 1602 in
761 1561 856 1602 vieo
890 1561 1132 1610 Cornhufle,
1168 1565 1211 1602 et
1252 1561 1483 1601 constitue-

87 1632 192 1670 runt
222 1628 305 1670 sibi
326 1629 451 1671 cellas
472 1629 519 1670 in
551 1644 609 1679 ea,
634 1632 931 1670 construentes
963 1628 1116 1669 herbas
1147 1628 1262 1669 inter
1283 1628 1483 1669 cellar-mn

86 1696 332 1738 interstitia.
394 1697 745 1739 Perduraverunt
791 1711 961 1752 quoque
1007 1696 1053 1736 in
1096 1696 1237 1752 prima
1283 1696 1483 1751 simplici-

87 1768 178 1806 tate
209 1780 343 1821 usque
385 1765 440 1806 ad
481 1769 675 1807 aestatem
723 1768 975 1819 sequentem
1019 1763 1109 1804 sine
1147 1763 1347 1812 cantaria,
1382 1763 1483 1817 quia

86 1834 279 1875 nondum
320 1833 596 1890 privilegium
636 1832 856 1873 habebant
897 1831 1088 1886 erigendi
1119 1831 1273 1871 altaria·
1304 1834 1347 1871 et
1378 1831 1481 1871 6616-

86 1904 241 1946 bra-ndi
286 1903 333 1944 in
375 1901 478 1943 10615
521 1901 609 1942 suis
653 1900 809 1941 divina..
887 1899 947 1940 Et
990 1898 1138 1939 statim
1182 1901 1284 1938 ante
1323 1897 1480 1938 festum

89 1971 296 2014 Omnium
348 1970 614 2017 Sanctorum,
668 1972 712 2009 et
767 1970 998 2021 antequam
1043 1965 1196 2006 Frater
1242 1965 1481 2020 Angnellus

87 2039 277 2081 venisset
319 2036 597 2085 Londoniam‚
630 2034 811 2090 profecti
852 2038 954 2075 sunt
996 2032 1148 2074 Frater
1190 2032 1398 2073 Ricardus
1429 2033 1481 2073 de

91 2106 316 2163 Ingewrth
358 2108 402 2146 et
434 2104 588 2145 Frater
620 2101 830 2143 Ricardus
862 2100 1147 2142 Devoniensis
1180 2099 1404 2148 Oxoniam,
1439 2103 1483 2141 et
1504 2109 1602 2140 Seme
1619 2109 1653 2139 in

88 2174 151 2216 ibi
192 2173 390 2216 similiter
433 2187 459 2213 a
505 2170 731 2212 Fratribus
763 2168 1121 2210 Praedieatoribus
1152 2167 1482 2208 familiarissime
1504 2153 1645 2186 Oxsord.

89 2242 277 2298 suscepti
320 2244 448 2290 sunt3
501 2239 777 2280 comederunt
807 2237 854 2277 in
897 2250 973 2277 suo
1004 2235 1238 2284 refectorio,
1283 2239 1327 2276 et
1361 2234 1481 2289 jacu-

89 2314 218 2353 erunt
257 2309 305 2350 in
348 2323 425 2350 suo
473 2305 736 2355 dormitorio,
781 2305 893 2346 sieut
924 2302 1242 2352 conventuales,
1286 2317 1362 2357 per
1394 2302 1483 2343 dies

90 2382 198 2421 octo.
281 2377 439 2418 Postea-
482 2374 784 2416 conduxenmt
827 2371 910 2413 sibi
963 2371 1137 2413 domum
1188 2370 1235 2411 111
1285 2368 1483 2425 parochia

91 2447 131 2489 S.
164 2445 309 2495 Ebbae,
363 2448 407 2485 et
456 2443 518 2484 ibi
569 2444 822 2483 manserunt
862 2440 954 2481 51116
985 2438 1206 2480 cantuaria
1250 2452 1384 2492 usque
1431 2437 1485 2477 ad

91 2517 285 2556 aestatem
331 2514 592 2567 sequentem.
655 2509 725 2550 Ibi
772 2507 1005 2550 seminavit
1048 2505 1182 2548 (1111615
1223 2505 1252 2547 J
1256 2520 1351 2546 esus
1391 2519 1485 2559 gra-

92 2597 199 2634 num
245 2579 416 2635 sinapis,
451 2578 566 2634 quod
611 2580 763 2633 postea
802 2576 966 2617 factum
1009 2578 1075 2616 est
1114 2573 1253 2628 majus
1285 2572 1484 2614 omnibus

93 2649 289 2692 oleribus.
352 2647 461 2689 Inde
492 2645 673 2702 profecti
705 2647 807 2686 sunt
839 2642 992 2684 Frater
1024 2641 1233 2682 Ricardus
1276 2640 1327 2680 de
1359 2639 1484 2693 Inge-

572 2839 581 2859 ¹
593 2838 653 2871 An
674 2833 848 2881 legendum
874 2834 967 2868 ordea
981 2839 996 2866 ,ἰ
