1905 3180
236 1541 277 1572 In
293 1541 408 1573 behalf

236 1585 275 1616 of
294 1596 355 1617 one

240 1629 388 1667 Juliana,

236 1684 254 1705 a
271 1675 398 1705 WidOW.

454 238 542 278 398
940 243 1048 274 ADAE.
1080 243 1142 272 DE
1171 241 1369 272 MAmsco

456 359 998 417 compassionis'affectum
1039 362 1200 414 negare
1229 356 1436 412 nequivi3
1467 356 1732 412 benignitati
1761 370 1858 398 ves*

456 434 547 479 ἴοι-93,
601 443 732 483 quam
784 428 832 468 in
880 426 1019 468 causis
1062 425 1241 481 pietatis
1282 425 1524 466 redivivam
1560 424 1858 466 indesinenter

457 496 660 541 exhibere
687 495 870 552 cognovi
893 494 1177 550 diligentiam,
1202 496 1461 548 praesentem
1483 493 1623 534 direxi
1645 492 1857 547 petitiun2

459 565 612 615 culam,
666 577 823 619 rogans
872 562 1078 604 obnixius
1131 564 1347 616 quatenus
1398 561 1534 616 juxta
1592 560 1709 615 quod
1771 574 1858 603 suae

458 632 727 675 necessitatis
759 631 980 679 articulus,
1011 630 1145 680 vobis,
1184 629 1220 670 si
1256 629 1410 684 placet,
1453 628 1558 669 viva
1592 642 1697 669 voce
1729 642 1860 683 expo-

458 700 637 749 nendus,
671 699 866 754 requirit,
905 699 1044 740 eidem
1081 711 1159 752 per
1177 696 1188 718 ¹
1224 697 1367 738 Deum
1403 696 1670 752 propensiori
1711 696 1860 738 favore

459 769 605 810 velitis
635 769 883 823 suffragare.

521 836 678 877 Valeat
711 835 955 876 dilectionis
986 837 1143 875 vestrae
1174 833 1412 884 sinceritas,
1445 835 1522 874 etc.

998 1155 1269 1198 COXXXH.

460 1315 768 1357 Dilectissimo
818 1314 958 1370 patri,
1006 1314 1166 1356 Fratri
1206 1314 1262 1357 W.
1315 1313 1495 1365 Bellum,
1547 1313 1709 1354 Frater
1759 1313 1865 1355 Ada

522 1384 717 1426 satutem
749 1398 799 1425 ex
830 1383 1004 1440 spiritu
1036 1382 1235 1425 scientim
1267 1396 1372 1424 cum
1403 1380 1580 1438 spiritu
1605 1379 1804 1437 pictatis.
1851 1411 1854 1413 »

527 1544 637 1586 Cum
680 1544 902 1584 dominam
940 1544 969 1585 J
974 1543 1164 1584 ulianam
1201 1543 1393 1594 viduam,
1438 1556 1580 1598 quam,
1624 1543 1735 1583 sicut
1774 1529 1867 1582 lau-³

465 1612 609 1654 dabile
657 1612 858 1668 vulgavit
899 1612 1212 1663 testimonium,
1256 1614 1300 1652 et
1341 1612 1389 1652 in
1431 1611 1574 1652 Deum
1616 1610 1792 1652 devotio
1824 1613 1868 1665 et

463 1681 510 1721 in
554 1694 764 1735 pauperes
805 1680 1058 1731 liberalitas,
1103 1683 1147 1720 et
1187 1680 1392 1720 honestas
1432 1679 1776 1721 conversationis
1824 1667 1866 1734 et

460 1748 659 1789 'suavitas
692 1747 1058 1797 mansuetudinis,
1096 1747 1333 1802 plurimum
1364 1747 1555 1788 reddunt
1597 1746 1869 1788 commenda·-

464 1816 609 1867 bilem,
653 1816 766 1857 sicut
797 1815 1007 1866 intellexi,
1031 1815 1196 1856 violata
1236 1815 1330 1871 lege
1365 1814 1537 1869 publice
1577 1811 1865 1867 rectitudinis,¹

468 1884 751 1940 perviolentae
784 1883 1016 1939 potestatis
1036 1883 1184 1938 gravis
1207 1882 1426 1938 oppressio
1459 1882 1681 1934 desaeviat,
1704 1885 1749 1923 et
1779 1872 1866 1924 non

466 1953 523 1993 sit
554 1952 803 2006 hujusmodi
834 1951 1028 2006 personis
1071 1951 1117 1991 in
1157 1951 1224 1991 his
1267 1954 1312 1992 et
1354 1949 1569 1991 similibus
1610 1949 1869 2005 importuni-

465 2023 610 2060 tatum
663 2019 881 2074 angustiis
932 2019 987 2059 ad
1040 2019 1197 2074 regalis
1262 2018 1503 2060 clementiae
1553 2018 1865 2073 protectionem

465 2087 749 2142 praesidialem
809 2086 1070 2128 defensionis
1124 2086 1341 2141 refugium
1359 2101 1368 2137 3
1430 2090 1682 2127 memoratae
1723 2086 1868 2127 viduae

466 2154 695 2195 lacrimosa
729 2169 796 2195 me
838 2154 1050 2209 compulit*
1088 2153 1327 2195 obsecratio
1368 2157 1626 2209 praesentem
1669 2154 1866 2208 depreca-

465 2223 625 2263 toriam
656 2226 814 2263 vestrae
858 2222 1033 2263 caritati
1075 2222 1306 2274 destinare,
1349 2221 1602 2276 suppliciter
1643 2221 1867 2262 obsecrans

466 2293 529 2339 ut,
568 2290 623 2330 ob
661 2289 1071 2344 contemplationem
1116 2289 1254 2341 Illius,
1299 2289 1375 2344 qui
1415 2289 1630 2344 praecipue
1671 2291 1866 2344 potentar-
1904 2315 1905 2319 =

469 2358 590 2398 tibus
632 2371 708 2412 per
741 2357 1015 2412 Scripturam
1049 2372 1172 2399 suam
1211 2357 1382 2407 clamat,
1417 2356 1590 2398 dicens:
1625 2361 1648 2378 “
1666 2356 1770 2398 Non
1799 2355 1868 2397 de-

472 2429 496 2445 ‘⁴
526 2425 682 2479 spiciet
714 2424 929 2466 Dominus
960 2440 1105 2480 preces
1136 2424 1330 2481 pupilli,”
1363 2428 1439 2466 etc.

1045 2703 1052 2722 ¹
1073 2713 1147 2744 pro,
1166 2702 1239 2735 MS.
