1905 3180
520 247 750 280 APPENDIX
788 250 910 282 XXIV.
1321 254 1342 286 (ἱ
1352 253 1394 289 21

25 361 149 417 regni
183 361 321 402 nostri
359 361 599 403 utilitatem
637 378 685 404 ac
719 364 854 404 totius
896 366 1077 407 ecch-sia·
1115 368 1189 408 I)‹·i
1225 371 1400 412 >niun-m

26 444 115 484 prae
157 428 290 470 oculis
326 428 548 480 habentes,
575 430 753 485 dignum
796 445 1012 472 censemus
1044 440 1091 474 ut
1131 435 1309 491 benign«,
1347 440 1401 477 su-

28 509 129 538 vore
170 510 481 552 prosequamur
517 511 624 551 quos
661 512 749 551 prze
791 499 955 540 caeteris
999 500 1197 542 honorem
1252 504 1329 544 Dei
1362 513 1396 545 vt

26 563 148 619 regni
189 563 326 604 nostri
378 563 628 616 utithatem‚
692 564 1016 620 animai-unique
1060 568 1249 620 salutem,
1312 586 1403 625 pro-

27 645 175 673 curare
205 630 560 686 contemplamur.
615 630 731 673 Hinc
767 636 833 673 est
854 634 966 687 quod
1003 634 1175 677 dilectos
1206 637 1327 678 nobis
1362 640 1401 679 in

29 697 203 740 Christo
237 697 392 739 fratres
428 698 629 749 Minores,
654 698 768 740 inter
803 703 977 741 caeteros
1015 702 1227 757 religiosos
1268 706 1404 746 cultus

27 765 166 807 divini
198 768 242 807 et
279 765 434 807 salutis
460 765 703 806 animarum
734 767 961 822 praecipuae
995 768 1195 811 zelatores
1230 772 1272 811 in
1306 786 1405 826 quo-

27 833 126 874 dam
148 832 282 874 fundo
314 837 462 874 nostro
484 832 609 875 nobis
632 833 753 887 justo
784 834 912 875 titulo
945 836 1110 886 collato,
1136 838 1177 877 in
1208 840 1407 893 praedicta

25 900 131 941 villa
164 899 465 942 collocavimus
494 900 549 941 ad
580 902 943 951 commorandum,
975 905 1019 944 et
1055 903 1294 946 habendum
1333 908 1407 947 ibi-

27 967 137 1017 dem,
171 967 400 1017 ecclesiam,
440 967 712 1019 cimiterium,
756 969 902 1010 domos
934 973 977 1010 et
1009 974 1181 1012 czeteras
1224 973 1407 1014 officinas

27 1035 110 1077 sibi
142 1034 414 1086 necessarias,
438 1035 673 1077 secundum
708 1036 977 1091 privilegium
1020 1039 1173 1080 eisdem
1209 1040 1409 1081 fratribus

26 1116 154 1158 super
191 1103 305 1144 dicto
347 1102 439 1144 loco
488 1117 514 1143 a
547 1102 723 1144 domino
759 1102 875 1158 Papa
911 1103 1138 1147 indultum.
1214 1106 1270 1147 Et
1311 1109 1407 1161 quia

27 1169 227 1212 volumus
278 1174 323 1211 et
363 1170 415 1211 (10
453 1169 629 1212 consilio
664 1174 811 1212 nostro
852 1171 1115 1226 providimus
1156 1174 1267 1227 quod
1308 1175 1409 1215 dicti

26 1237 182 1279 fratres
224 1237 413 1280 Minores
454 1237 500 1278 in
541 1237 747 1293 praedicto
798 1238 932 1279 fundo
973 1243 1128 1291 nostro,
1165 1241 1272 1282 sicut
1307 1256 1409 1296 pra]-

28 1305 192 1346 dictum
224 1307 298 1354 est,
323 1304 481 1359 quiete,
514 1304 687 1360 pacifice
709 1308 753 1346 et
773 1304 928 1347 devote
962 1320 1035 1361 pro
1064 1307 1184 1349 nobis
1211 1312 1253 1348 et
1282 1323 1410 1363 regno

27 1375 174 1414 nostro
206 1386 256 1414 ac
289 1371 426 1414 totius
471 1372 657 1414 eeclesia}
705 1372 897 1414 utilitate
941 1373 1143 1415 sacn'ficia
1186 1374 1276 1415 Deo
1333 1375 1411 1415 illi-

27 1439 133 1481 bata
172 1443 382 1495 perpetuo
423 1439 601 1481 valeant
652 1439 814 1490 offerre,
849 1440 981 1491 vobis,
1018 1442 1069 1482 de
1115 1442 1287 1483 consilio
1320 1457 1412 1497 pro-

28 1521 171 1549 cerum
214 1507 289 1562 qui
330 1510 434 1548 sunt
468 1507 520 1548 de
563 1506 740 1548 consilio
778 1511 936 1558 nostro,
960 1509 1210 1550 mandamus
1251 1510 1296 1550 in
1329 1510 1412 1551 fide

28 1588 115 1630 qua
166 1574 292 1615 nobis
339 1574 547 1616 tenemini
596 1574 780 1616 firmiter
820 1574 1094 1630 injungentes
1135 1576 1258 1630 quod,
1301 1577 1414 1617 omni

29 1642 372 1684 contradictione
406 1645 583 1693 remota,
617 1642 836 1697 capellam,
874 1642 1020 1683 domos
1053 1646 1096 1684 et
1129 1647 1281 1684 caetera
1316 1644 1415 1685 {edi-

29 1709 127 1751 ficia
155 1709 282 1751 dictis
314 1709 523 1751 fratribus
548 1710 785 1751 necessaria
806 1710 852 1750 in
873 1709 1076 1764 praedicto
1106 1709 1238 1751 fundo
1271 1714 1414 1752 nostro

30 1777 266 1818 secundum
300 1776 417 1832 quod
451 1777 555 1818 dicti
590 1777 745 1818 fratres
781 1776 862 1818 sibi
891 1776 1081 1817 viderint
1113 1777 1263 1817 melius
1291 1792 1414 1832 expe-

29 1844 123 1885 dire
156 1845 333 1886 nomine
366 1847 517 1886 nostro
559 1843 777 1895 aedifloari,
803 1845 886 1893 &c.‚
910 1858 996 1885 non
1019 1844 1214 1885 obstante
1246 1845 1414 1885 nuntia-

30 1911 151 1953 tione
172 1911 278 1953 novi
300 1912 441 1967 operis
463 1925 540 1967 per
561 1911 796 1961 sacristam,
820 1914 1137 1966 procuratorem
1167 1910 1340 1952 abbatis
1371 1914 1414 1952 et

33 1983 274 2021 conventus
307 1979 559 2021 monasterii
594 1979 672 2020 Sti.
696 1979 928 2028 Edrnundi‚
964 1992 1102 2019 coram
1139 1978 1342 2019 fratribus
1374 1983 1416 2018 et

31 2047 318 2097 saecularibus,
342 2047 388 2087 in
415 2046 533 2088 dicto
566 2046 700 2087 fundo
731 2049 889 2094 nostro,
913 2049 1061 2087 contra
1088 2060 1164 2086 nos
1192 2049 1235 2086 et
1256 2045 1414 2086 dictum

31 2113 215 2155 fundum
236 2113 398 2169 injuste
430 2118 475 2156 et
505 2114 596 2155 sine
625 2114 793 2155 ratione
815 2127 952 2168 nuper
982 2112 1246 2154 denunciata.
1312 2112 1415 2152 Haec

35 2183 183 2222 autem
225 2184 270 2222 et
310 2181 458 2223 omnia
499 2182 585 2222 alia
619 2181 827 2222 mandata
859 2183 1009 2221 nostra
1040 2179 1289 2234 praedictum
1323 2178 1415 2219 fun-

33 2247 138 2289 dum
159 2251 368 2299 nostrum,
392 2252 436 2290 et
463 2249 692 2304 praedictos
723 2248 878 2288 fratres
912 2246 1071 2287 ibidem
1100 2249 1414 2293 commorantes,

35 2315 347 2372 contingentia,
387 2317 702 2358 inviolabiliter
735 2314 983 2363 observetis,
1031 2313 1244 2355 clammari
1287 2312 1413 2352 etiam

34 2381 204 2424 faciatis
232 2398 309 2439 per
336 2387 475 2425 totam
509 2384 659 2425 villam
693 2383 941 2438 praedictam
963 2384 1007 2422 et
1027 2380 1206 2422 firmiter
1226 2393 1276 2419 ex
1299 2382 1415 2433 pane

32 2453 182 2502 nostra
222 2451 516 2503 nihilominus,
557 2465 612 2492 ne
645 2450 739 2505 quis
772 2452 922 2491 contra
950 2448 1064 2489 dicta
1091 2447 1290 2487 mandata
1322 2458 1416 2485 nos-

35 2518 107 2558 tra
127 2517 175 2558 in
196 2517 508 2574 praejudicium,
546 2517 801 2567 molestiam,
825 2519 902 2558 aut
938 2528 1168 2571 gravamen
1201 2512 1416 2568 praedicto-

35 2598 134 2626 rum
171 2583 357 2627 fratrum
403 2590 481 2628 aut
522 2586 647 2627 fundi
689 2584 886 2640 praedicti
928 2583 973 2623 in
1003 2585 1216 2637 posterum
1259 2577 1413 2631 aliquid

38 2654 303 2708 attemptare
328 2657 576 2709 praesumat,
608 2653 720 2694 sicut
747 2650 1090 2706 indignationem
1112 2651 1295 2689 nostram
1328 2658 1416 2698 μοι·-

37 2722 168 2775 petuo
210 2720 376 2762 evitare
417 2720 616 2762 voluerit.
700 2719 794 2761 Nos
835 2718 949 2759 enim
990 2716 1043 2756 ad
1077 2729 1145 2756 eos
1186 2712 1256 2766 qui
1293 2709 1414 2750 dicti-*³

37 2785 246 2829 fratribus
277 2791 355 2830 aut
388 2787 523 2830 fundo
560 2787 766 2843 praedicto
801 2783 1039 2826 molestiam
1087 2784 1160 2821 aut
1190 2791 1413 2833 gravamen
