1905 3180
697 259 932 292 EPISTOLAE,
1454 256 1509 294 35}

115 375 351 426 libertates,
404 375 460 416 ad
513 377 711 417 sanctum
753 376 966 418 fervorem
1018 378 1303 433 providentiae
1355 383 1509 422 vestra}

114 443 397 492 accedentem,
449 457 546 485 cum
600 444 885 486 omnimodisI
945 446 1175 487 humilium
1217 462 1393 502 precum
1444 449 1509 489 in,-

113 511 301 562 stantiis,
345 511 602 554 reverentia}
646 515 814 554 vestrae
858 528 960 568 rogo
1003 514 1295 566 sanctitatem,
1348 518 1400 557 ut
1437 531 1509 556 ne-

112 578 223 634 gotii
256 579 423 630 seriem,
458 594 588 634 quam
630 581 857 622 memorati
899 582 1064 623 domini
1105 583 1297 631 nuncius,
1336 583 1372 624 si
1415 599 1508 625 ves-

112 649 181 687 tro
224 646 384 688 sederit
425 647 710 703 beneplacito,
746 649 871 690 vobis
907 649 1010 691 viva
1044 664 1147 691 voce
1194 650 1504 701 manifestabit,

112 716 328 769 quatenus
359 729 437 756 nec
473 730 499 756 a
536 716 723 757 veritate
754 717 971 758 receditur
1006 721 1050 759 et
1081 718 1327 773 proceditur
1358 734 1508 760 secun-

112 782 216 823 dum
241 782 476 837 justitiam,
509 784 776 841 propensiori
809 785 953 842 gratia
981 786 1184 842 prosequi
1215 800 1304 827 non
1336 787 1506 828 ducatis

110 849 350 905 indignum.

171 917 410 960 Conservet
456 919 672 961 Dominus
723 923 896 963 vestrae*
942 921 1230 963 beatitudinis
1279 922 1504 963 incolumi-

108 988 246 1027 tatem
283 987 469 1029 ecolesiae
510 1002 598 1029 suae
634 992 806 1040 sanctae,
841 1004 917 1045 per
965 993 1162 1046 tempora
1202 990 1408 1046 longiora,
1458 991 1503 1032 in

110 1053 282 1096 Christo
316 1057 361 1096 et
393 1055 644 1098 beatissima
677 1057 864 1113 Virgine.

762 1307 850 1349 III.

183 1432 382 1476 Domino
402 1433 451 1476 Β.
477 1431 743 1476 c'cmtucwioe
764 1431 1111 1490 Arclm'episcopo
1133 1432 1294 1476 Frater
1314 1432 1431 1476 Ada,

165 1573 287 1615 Licet
312 1573 638 1630 inexplicabiles
670 1573 880 1630 pavenda}
913 1573 1181 1616 difficultatis
1209 1574 1688 1632 0138l3t0ntias,Proiiijses

104 1656 210 1698 quas
251 1642 404 1683 melius
445 1643 600 1697 putavi
641 1642 814 1684 silentio
855 1643 1149 1699 reprimendas
1192 1657 1321 1699 quam
1358 1631 1722 1702 ex1312i-ssssgqssgssxs2f

102 1710 280 1751 mendas
331 1710 514 1765 eloquio,
565 1710 672 1751 mihi
723 1711 959 1752 secundum
1002 1714 1237 1766 utrumque
1280 1712 1496 1753 hominem
1517 1714 1624 1745 cation
1643 1720 1675 1746 at

102 1778 307 1820 obvenire
340 1779 618 1832 considerem,
652 1781 801 1820 tamen
830 1779 971 1835 ruptis
1009 1779 1204 1821 omnium
1241 1779 1498 1834 importuni-
1515 1758 1663 1791 L⁰¹¹d⁰¹¹'

101 1849 244 1888 tatum
272 1847 501 1902 repagulis,
525 1847 622 1888 vita
647 1846 814 1896 comite,
850 1847 1086 1887 secundum
1112 1849 1335 1902 cogentem
1361 1847 1499 1888 domi-

101 1914 294 1956 nationis
335 1917 495 1956 vestr‘ee
531 1913 784 1969 jussionem,
821 1914 1090 1968 personalem
1133 1914 1344 1955 exilitatis
1390 1929 1497 1957 mem

101 1981 376 2038 praesentiam
417 1981 464 2023 in
515 1981 847 2037 congregatione
898 1981 1154 2036 pontificum
1198 1981 1398 2033 Londini,
1442 1982 1497 2023 ad

100 2050 259 2091 festum
307 2049 427 2091 beati
471 2049 645 2099 Hilarii,
689 2049 801 2090 sicut
852 2049 985 2090 fuerit
1032 2048 1222 2105 propitia
1273 2049 1494 2101 divinitas,

100 2118 305 2159 exhibere
341 2117 509 2158 curabo.
586 2117 879 2172 Nempe'plus
921 2117 1125 2173 expedire
1165 2116 1356 2171 conjicio,
1400 2132 1496 2172 per-

100 2185 243 2242 pensis
274 2199 418 2227 rerum
453 2184 656 2241 gravium
693 2185 1039 2237 circumstantiis,
1074 2188 1125 2226 ut
1154 2185 1273 2240 prius
1310 2185 1496 2227 collocu-

100 2253 233 2294 tionis
282 2255 538 2309 opportunae
581 2255 817 2295 tractatum
858 2253 1117 2295 familiarem
1159 2253 1344 2294 habeam
1396 2267 1492 2294 cum

99 2320 317 2376 aliquibus
357 2321 598 2376 praesulum,
647 2335 777 2376 quam
818 2324 975 2363 vestrae
1027 2321 1275 2362 celsitudini
1320 2320 1495 2362 humili-

98 2392 236 2430 tatem
265 2403 406 2430 meam
440 2393 752 2444 repraesentem.
807 2388 1136 2431 Acceleraturus
1172 2392 1320 2431 tamen
1358 2403 1493 2444 quan-

97 2459 193 2498 tum
224 2456 400 2498 valuero
431 2456 560 2498 modo
592 2456 864 2512 competenti.

158 2524 451 2568 Conservetur
511 2524 741 2581 dignitatis
793 2526 948 2565 vestrae
1010 2538 1152 2580 sospes
1215 2524 1491 2565 incolumitas

98 2591 283 2635 ecclesiae
333 2595 494 2634 sanctae
545 2607 622 2648 per
669 2596 865 2650 tempora
915 2592 1090 2635 diutina
1129 2592 1176 2634 in
1226 2591 1400 2634 Christo
1446 2594 1490 2632 ct

97 2660 348 2702 beatissima
369 2660 562 2718 Virgine.

671 2864 679 2882 ¹
706 2862 889 2901 cmmimmla,
907 2863 979 2895 MS.

1226 2917 1308 2956 FP.-
