1905 3180
186 1481 365 1512 Moralizcs

186 1536 228 1555 on
246 1536 263 1556 a
280 1532 373 1566 great

185 1569 268 1600 feast
280 1570 380 1612 lately

186 1613 262 1644 held
278 1619 311 1644 at

185 1657 335 1690 London.

408 259 490 297 140
881 263 986 293 ΑΒΕ
1019 260 1078 293 DE
1109 259 1305 292 MAnffico

405 372 658 423 calliditate,
695 376 909 428 quatenus
947 373 1002 414 ad
1034 372 1216 429 gloriam
1255 372 1350 422 Dei,
1374 376 1418 414 et
1449 373 1633 415 salutem
1665 372 1804 414 homi-

405 454 521 489 1111111,
546 444 590 482 et
611 441 678 482 sui
700 455 914 491 coronam,
939 455 1144 497 personas
1176 441 1364 491 idoneas,
1387 456 1462 497 per
1485 440 1804 482 exactissimam

404 510 560 550 vestrae
609 509 908 564 requisitionis
956 509 1220 551 industriam
1263 509 1434 564 Spiritu
1480 509 1642 550 Sancto
1686 523 1805 550 mon-

405 579 573 618 strante
626 581 828 633 repertas,
874 578 922 618 in
983 577 1137 618 salutis
1197 577 1491 632 operationem
1545 580 1806 632 praesentare

405 645 708 687 consentiant?
760 646 921 687 Fateor
955 646 1070 701 quod
1102 660 1188 686 non
1227 645 1354 686 video
1389 645 1490 701 quid
1525 645 1595 686 hic
1641 644 1806 686 causa-ri

406 712 551 754 valeat
572 714 704 755 etiam
738 714 902 756 coactio
934 713 1199 769 figmentalis
1228 713 1312 754 nisi
1343 713 1620 768 despicabiles
1653 712 1807 754 stulto-

405 795 512 827 rum,
547 782 703 836 quibus
735 786 800 824 est
832 782 1007 824 odibilis
1043 782 1183 823 omnis
1216 781 1443 837 sapientia,
1483 781 1806 822 oblatrationes.

406 848 562 889 Nescio
595 850 700 904 quid
733 854 798 891 est
836 851 952 905 quod
986 853 1193 905 concepta
1224 849 1419 891 brevitas
1449 849 1676 905 praesentis
1718 864 1809 891 car·

404 916 510 957 tuhe
547 918 667 972 prius
703 919 915 959 calamum
959 933 1045 959 non
1079 918 1352 973 compescuit.
1417 917 1502 960 Sed
1539 921 1681 959 certus
1713 932 1808 958 sum

406 984 509 1039 quia
540 985 726 1026 clemens
759 987 932 1027 veniam
972 1000 1058 1027 non
1091 986 1271 1041 negabit
1303 986 1473 1028 devoto.

467 1052 759 1095 Conservetur
792 1069 865 1096 oro
898 1058 1054 1096 vestrae
1093 1054 1382 1095 beatitudinis
1415 1054 1702 1096 incolumitas,

994 1260 1230 1305 XXXVII.

722 1370 923 1412 Domino
955 1370 1212 1412 Lincolnicc
1243 1370 1403 1411 Frater
1434 1368 1551 1410 Ada.

469 1471 565 1512 Etsi
605 1472 915 1515 dominationis
953 1477 1110 1515 vestra*
1153 1473 1303 1514 littera
1340 1472 1597 1513 succinctior
1638 1486 1810 1527 respon-

409 1539 539 1580 salem
574 1554 660 1580 nou
692 1541 949 1595 requisierit,
984 1544 1131 1582 tamen
1166 1540 1442 1582 allocutionis
1473 1539 1678 1594 jucundae
1704 1541 1810 1595 juge

411 1606 684 1656 desiderium,
716 1623 813 1650 011111
839 1609 1021 1651 cursoris
1043 1609 1331 1650 intervenerit
1357 1607 1672 1664 opportunitas,
1696 1609 1811 1663 quod

410 1676 646 1730 personalis
678 1680 811 1732 negat
845 1677 1053 1723 absentia,
1089 1677 1322 1732 praesentia
1356 1675 1560 1717 litteralis
1592 1675 1705 1717 sicut
1738 1691 1812 1717 va-

410 1743 472 1784 let
509 1744 707 1799 supplere
746 1748 878 1786 curat.
957 1745 1175 1787 Caeterum
1215 1744 1448 1799 exquisitae
1483 1743 1675 1785 convivii
1718 1743 1810 1784 lau-

411 1810 549 1852 tioris¹
578 1811 742 1854 deliciae
765 1828 903 1868 nuper
935 1812 1135 1868 plurimis
1167 1815 1424 1868 magnatum
1462 1826 1516 1852 ex
1546 1811 1633 1853 heti
1671 1811 1810 1853 cordis

410 1879 736 1934 magnificentia
783 1881 970 1922 Londini
1015 1880 1238 1929 celebrati,
1281 1880 1395 1935 quod
1442 1879 1558 1920 fama
1602 1879 1810 1936 vulgante

409 1947 541 1988 latius
573 1947 781 1997 innotuit,
815 1949 986 1990 utinam
1020 1948 1102 1990 etsi
1141 1948 1317 1990 caritati
1350 1947 1630 1989 conciliandae
1668 1948 1811 2004 profu-

409 2015 493 2056 erit
524 2030 800 2071 nequaquam
822 2017 1019 2058 nocuerit
1051 2016 1297 2058 {emulando
1328 2016 1642 2057 moderamini.2
1686 2016 1812 2057 Facti

409 2083 760 2125 circumstantias
782 2084 945 2140 ignoro,
969 2088 1147 2140 propter
1169 2084 1286 2139 quod
1313 2084 1641 2139 obloquentium
1664 2099 1812 2125 causas

409 2164 588 2205 pensare
633 2152 775 2192 nescio
817 2166 893 2207 per
930 2152 1155 2207 {equitatis
1198 2156 1420 2193 stateram.
1484 2151 1582 2193 Scio
1624 2166 1810 2207 namque

411 2217 526 2271 quod
560 2218 899 2260 obtrectantium
937 2234 1081 2261 secum
1119 2220 1332 2261 dissidens
1373 2219 1519 2260 virosa
1559 2219 1810 2275 malignitas

411 2299 464 2325 ex
497 2286 709 2340 oppositis
741 2287 951 2342 pabulum
985 2287 1105 2328 elicit
1142 2288 1394 2342 impietatis.
1458 2287 1601 2339 Quam
1633 2287 1811 2329 circum-

411 2357 558 2407 specta
590 2353 933 2395 consideratione
963 2369 1070 2410 opus
1104 2355 1167 2396 sit
1199 2355 1244 2395 in
1282 2355 1362 2396 hac
1399 2359 1523 2410 parte
1560 2355 1676 2396 inter
1715 2370 1811 2411 per-

412 2420 649 2462 ditissimos
705 2436 842 2463 mores
896 2423 1157 2463 effeminatae
1213 2422 1522 2471 dissolutionis,
1578 2422 1653 2463 ubi
1706 2422 1812 2477 qui‚3

412 2502 598 2542 quorum
644 2489 762 2530 Deus
811 2492 966 2530 venter
1022 2493 1100 2537 est,
1147 2489 1411 2531 stercoribus
1428 2489 1713 2545 congerendis
1744 2491 1812 2531 in·-

414 2559 630 2608 seruntur,
675 2560 718 2597 et
758 2557 885 2598 decus
917 2557 1186 2612 frugalitatis
1219 2557 1501 2607 excutientes,
1545 2561 1587 2598 et
1622 2558 1807 2614 ignomi-

411 2623 528 2665 niam
567 2623 925 2680 ingurgitationis
972 2628 1275 2667 consectantes.
1347 2625 1559 2677 Quamvis
1601 2626 1808 2682 scriptum

458 2795 464 2814 ¹
478 2797 641 2837 paedoris,
661 2797 733 2829 MS.
1142 2797 1206 2828 and
1222 2797 1276 2829 the
1292 2796 1444 2830 Princess
1470 2797 1637 2840 Margaret
1654 2798 1686 2830 in
1714 2801 1809 2832 1251.

456 2850 468 2867 '·'
488 2849 539 2880 IIe
557 2849 661 2880 refers
677 2849 837 2891 probably
863 2854 896 2881 to
917 2849 971 2881 the
996 2859 1080 2881 mar·
1145 2850 1205 2882 See
1230 2859 1260 2891 p.
1283 2854 1354 2884 107.

413 2901 504 2943 riagc
523 2902 606 2933 feast
622 2902 660 2933 of
679 2902 732 2934 the
750 2902 841 2944 King
867 2903 904 2934 of
928 2903 1083 2935 Scotland
1189 2905 1200 2921 ³
1218 2903 1285 2935 Sic.
