1905 3180
447 278 530 326 372
919 285 1024 318 ADAE
1057 285 1117 316 DE
1148 284 1345 316 MAmsco

445 404 658 445 divinitus
691 416 922 458 suscepere,
958 400 1159 442 funditus
1196 400 1453 456 postpositis
1498 400 1713 443 simulatae
1744 401 1841 443 reli-

442 472 583 527 gionis
615 472 803 526 ineptiis,
841 469 1113 511 irrevocabili
1144 468 1348 524 benignae
1382 469 1627 510 sedulitatis
1659 469 1840 525 diligen-

442 541 505 580 tia
546 543 669 595 aptas
713 539 910 580 adhiberi
951 551 1158 593 personas
1189 539 1234 578 et
1274 536 1398 591 justa
1437 536 1603 592 judicia
1645 537 1837 593 jugitate

444 610 674 663 procurent
717 606 960 648 indefessa?

505 675 788 717 Coarctandis
829 673 1148 716 characteribus
1184 672 1389 728 praesenti
1434 673 1643 715 chartulae
1684 688 1839 716 manus

443 743 575 784 anxia
607 743 745 784 cordis
773 742 1065 783 amaritudine
1087 740 1301 782 calamum
1332 741 1547 793 intinxit3
1580 755 1674 783 ecce
1697 755 1839 783 coram

444 811 711 865 paternitate
749 814 894 851 vestra
930 809 1134 864 quoniam
1169 823 1257 849 non
1288 809 1486 850 mentior.
1549 808 1662 850 Sane
1706 824 1840 865 quum

443 878 704 919 venerabilis
755 881 879 933 pater
931 877 1133 918 dominus
1172 875 1356 918 80111111Ἰ
1402 877 1610 918 dilectum
1660 876 1840 919 fratrem

445 946 500 987 H.
536 946 587 987 de
623 946 829 1000 Syreford
871 946 917 986 in
964 945 1178 986 auxilium
1230 944 1494 1000 pontificalis
1541 944 1680 996 officii,
1729 945 1841 987 sicut

443 1013 584 1064 audio,
618 1013 700 1054 sibi
732 1028 820 1054 non
863 1013 1140 1054 mediocriter
1168 1013 1467 1063 necessarium,
1503 1012 1694 1064 fratrem,
1727 1013 1841 1055 sicut

443 1096 519 1122 vos
572 1081 725 1122 melius
780 1081 927 1130 nostis,
984 1080 1216 1122 audentem
1261 1081 1419 1132 animo,
1467 1095 1605 1122 acrem
1652 1081 1838 1136 ingenio,

443 1152 690 1204 promptum
723 1149 902 1203 eloquio,
926 1149 1132 1189 idoneum
1165 1147 1302 1190 officio
1325 1162 1420 1189 reor
1457 1163 1584 1204 super
1615 1149 1842 1203 cujuscun-

444 1231 525 1271 que
546 1217 714 1258 sceleris
736 1217 911 1257 admissi
942 1216 1294 1272 transgressione,
1317 1230 1395 1257 nec
1426 1216 1647 1257 evidentia
1668 1217 1842 1258 convin-

443 1286 514 1336 cit,
538 1299 615 1326 nec
636 1288 807 1326 accusat
836 1284 1118 1334 existimatio,
1150 1284 1252 1325 licet
1273 1287 1322 1325 ut
1344 1283 1453 1325 libet
1483 1284 1642 1339 linguae
1664 1284 1842 1339 loquan—

444 1356 527 1404 tur>
550 1356 677 1393 tanta
707 1353 819 1408 petit
851 1353 1090 1404 instantia3
1115 1352 1221 1407 quid
1243 1352 1327 1394 erit
1358 1352 1394 1393 si
1426 1352 1652 1407 provisiva
1682 1356 1842 1395 vestrae

444 1420 690 1461 sanctitatis
726 1420 1051 1476 circumspectio
1084 1423 1322 1461 memorato
1354 1420 1530 1461 domino
1563 1420 1728 1462 dictum
1759 1421 1842 1462 sra-

445 1491 555 1528 trem
609 1488 929 1529 concedendum
983 1488 1209 1539 censuerit,
1258 1490 1336 1528 aut
1380 1502 1477 1528 cum
1521 1488 1671 1530 eodem
1708 1489 1842 1543 juxta

444 1555 627 1595 sormam
660 1570 747 1596 suae
778 1555 1005 1610 petitionis
1050 1559 1333 1607 moraturum,
1381 1559 1459 1597 aut
1502 1556 1557 1597 ad
1603 1557 1745 1612 ipsum
1789 1558 1841 1599 de

444 1622 536 1664 loco
569 1624 832 1678 competenti
862 1639 887 1664 a
918 1624 1043 1665 vobis
1075 1623 1337 1679 assignando
1368 1624 1571 1674 vicissim,
1605 1626 1840 1668 secundum

444 1690 725 1732 rationabiles
757 1706 900 1732 rerum
935 1691 1192 1747 exigentias,
1227 1706 1507 1741 accessurum,
1544 1707 1642 1733 cum
1674 1693 1841 1735 dictum

445 1758 621 1799 fratrem
665 1773 691 1799 a
737 1758 853 1800 dicto
896 1759 1071 1800 domino
1115 1760 1350 1815 contigerit
1403 1761 1603 1801 evocari?
1664 1760 1731 1802 Ut
1775 1762 1841 1803 vi-

445 1825 525 1866 deo
557 1826 604 1866 in
634 1827 962 1881 praesentiarum
995 1827 1115 1868 istud
1147 1831 1212 1869 est
1243 1828 1290 1868 in
1322 1828 1400 1869 hac
1431 1831 1567 1883 parte,
1591 1828 1661 1870 cui
1692 1843 1840 1871 secun-

445 1893 548 1934 dum
590 1893 815 1935 modulum
846 1909 991 1936 meum
1023 1910 1111 1936 non
1144 1895 1380 1946 dissentio;
1412 1896 1675 1938 commonito
1706 1897 1840 1940 fratre

446 1961 674 2002 discretam
706 1963 990 2017 paternitatis
1021 1966 1177 2006 vestrae
1219 1964 1537 2019 persuasionem
1584 1979 1711 2020 super
1743 1980 1841 2007 con-

445 2029 705 2070 versationis
747 2031 1004 2072 maturitate
1036 2034 1080 2072 et
1111 2031 1404 2073 moderamine
1451 2033 1668 2074 sermonis.

509 2096 747 2138 Conservet
769 2098 983 2140 Dominus
1004 2102 1162 2142 vestrae
1183 2100 1360 2155 pietatis
1381 2100 1738 2152 incolumitatem,
1762 2104 1839 2143 etc.

509 2308 514 2325 ¹
537 2308 702 2349 Probably
718 2308 867 2340 William
885 2309 923 2341 of
939 2311 1043 2348 York,
1060 2311 1135 2342 who
1152 2311 1227 2343 held
1249 2311 1316 2343 this
1333 2322 1385 2344 sce
1405 2312 1490 2344 srom
1510 2315 1591 2345 1247
1605 2318 1639 2345 to
1654 2313 1709 2345 the
1725 2313 1839 2355 spring

448 2359 591 2391 0s1256.
