1905 3180
430 280 514 321 236
903 284 1009 315 ADAE
1042 283 1102 314 DE
1145 281 1342 315 MARISCO

1046 465 1135 508 CV.

427 601 822 646 Desicleratissimo
851 600 940 643 sibi
960 600 1015 642 in
1050 599 1225 643 Christo
1246 599 1464 655 mccytstw
1483 600 1527 643 J.
1552 600 1604 642 de
1628 599 1824 656 Offinton

545 671 704 712 Frater
734 669 842 711 Adeo
879 668 1081 720 salutem,
1115 672 1153 710 et
1177 672 1279 724 post
1313 682 1469 723 pacem
1489 667 1704 724 temporis
1734 668 1825 723 ylo-

546 738 671 781 riam
701 736 976 780 (eternitatis.

209 854 411 905 Begshimto
490 852 536 893 Si
567 867 634 893 me
660 866 756 893 mea
791 866 878 892 non
909 850 1022 891 fallit
1050 849 1296 900 aestimatio,
1329 849 1390 890 mi
1416 848 1707 890 amatissime¹
1736 864 1824 890 ma-

207 899 413 974 ζ’ἒζξνῗξὲὶξρ
429 919 575 975 gister,
597 920 676 961 hoc
707 919 865 974 agebat
886 921 937 959 ut
964 917 1115 968 valuit,
1143 917 1225 959 etsi
1246 931 1334 958 non
1358 920 1410 958 ut
1437 916 1591 967 voluit,
1614 917 1826 973 permodi-

207 986 413 1037 tlieLjniver-
429 987 573 1028 citatis
609 1001 714 1028 meae
745 986 895 1027 littera
922 985 1146 1027 serenitati
1170 988 1328 1026 vestrae
1360 985 1626 1035 transmissa,
1656 985 1826 1026 devotae

210 1030 383 1106 {2113}ssth
432 1054 673 1096 dilectionis
694 1053 855 1109 pavida
885 1052 1141 1103 sollicitudo,
1175 1057 1227 1094 ut
1256 1052 1371 1107 quod
1403 1052 1653 1094 confoveret
1684 1052 1827 1094 oleum

212 1118 399 1193 {ogerfdel
431 1122 718 1164 exultationis
751 1121 922 1163 fiduciae
960 1121 1012 1162 de
1052 1120 1193 1172 venia,
1232 1120 1284 1161 de
1327 1119 1454 1176 culpa
1495 1120 1827 1176 compungentis

211 1171 414 1237 uffilgssvohrict-
432 1189 704 1245 poenitentiae
737 1189 889 1230 vinum
926 1189 1134 1244 expiaret,
1177 1191 1223 1229 et
1265 1188 1381 1243 quod
1417 1188 1581 1244 rigaret
1621 1188 1826 1243 lacryma,

211 1250 349 1282 suntide.
432 1258 591 1299 laetitia
631 1260 869 1312 vegetaret.
935 1256 1158 1312 Siquidem
1201 1270 1289 1297 non
1331 1256 1598 1297 solummodo
1642 1270 1830 1311 quorun-

435 1328 546 1378 dam,
573 1327 647 1369 sed
676 1327 886 1368 ulterius2
909 1327 1103 1368 omnium
1126 1327 1365 1368 incolatum
1394 1327 1577 1369 miseriae
1604 1327 1830 1382 praesentis

435 1396 659 1450 agentium
689 1395 971 1437 conscientias
998 1395 1246 1450 alloquitur,
1279 1395 1353 1450 qui
1384 1396 1471 1436 ait:
1522 1400 1543 1417 ‘⁴
1566 1394 1621 1436 In
1644 1395 1713 1436 die
1754 1394 1830 1435 bo-

435 1468 458 1484 “
491 1478 644 1504 norum
676 1478 729 1505 ne
763 1464 989 1504 immemor
1020 1463 1077 1504 sis
1106 1462 1331 1513 malorum,
1362 1467 1406 1504 et
1438 1463 1486 1504 in
1514 1463 1584 1504 die
1615 1462 1830 1504 malorum

439 1535 461 1552 “
492 1545 545 1572 ne
589 1532 814 1573 immemor
845 1531 903 1572 sis
944 1531 1194 1572 bonorum.’'
1255 1530 1423 1587 Nempe
1466 1531 1525 1572 sic
1556 1545 1723 1586 semper
1764 1534 1829 1572 est

436 1598 687 1650 vivendum,
725 1599 965 1655 praesertim
998 1599 1178 1640 ducibus
1210 1602 1449 1640 castrorum
1487 1599 1739 1647 coelestium,
1781 1601 1833 1639 ut

436 1669 480 1707 et
513 1681 703 1708 amaram
749 1667 952 1708 liumanae
984 1667 1273 1722 malignitatis
1319 1667 1595 1709 acrimoniam
1628 1667 1833 1708 dulciflua

438 1734 598 1776 divinae
645 1735 858 1776 bonitatis
905 1735 1193 1777 consideratio
1244 1739 1457 1791 temperet
1494 1749 1548 1776 ne
1590 1734 1831 1790 desperatio

437 1802 690 1857 prfecipitet‚
726 1807 769 1844 et
800 1803 1082 1845 nihilominus
1120 1803 1370 1844 dulcifluam
1419 1803 1580 1845 divinae
1620 1803 1832 1845 bonitatis

438 1870 821 1912 considerationem
854 1886 1003 1912 amara
1034 1871 1326 1927 malignitatis
1356 1871 1559 1914 humanae
1591 1870 1832 1913 recordatio

437 1938 720 1994 constringat,
743 1953 798 1980 ne
820 1939 1101 1995 praesumptio
1131 1938 1364 1995 superbiat.
1408 1939 1494 1981 Sed
1516 1939 1650 1995 quid?
1692 1939 1832 1980 Num-

437 2005 542 2060 quid
574 2020 661 2047 non
693 2007 879 2062 amplius
921 2007 1065 2048 elevat
1108 2007 1412 2050 misericordiae
1457 2007 1668 2049 relaxatio
1702 2021 1831 2062 quam

437 2073 650 2114 districtio
681 2073 835 2128 judicii
868 2075 1115 2131 deprimat?
1175 2075 1339 2118 Annon
1375 2075 1666 2117 misericordia
1707 2089 1835 2130 super

439 2140 633 2181 exaltat³
671 2141 917 2195 judicium?
979 2143 1107 2184 Certe
1163 2143 1372 2199 scriptum
1424 2146 1514 2185 est:
1565 2148 1588 2165 “
1615 2143 1833 2184 Misereris

441 2214 462 2231 “
496 2199 699 2260 omniurn,
739 2210 943 2265 quoniam
986 2210 1132 2252 onmia
1167 2214 1302 2266 potes,
1350 2214 1395 2252 et
1446 2210 1690 2252 dissimulas
1736 2225 1832 2266 pec-

497 2281 593 2318 cata
643 2277 866 2318 hominum
919 2281 1094 2333 propter
1142 2279 1477 2334 poenitentiam3
1521 2278 1667 2334 diligis
1718 2279 1833 2320 enim

500 2344 645 2385 onmia
667 2360 762 2399 qua}
795 2348 925 2395 sunt3
957 2348 1002 2386 et
1031 2345 1143 2386 nihil
1180 2346 1312 2387 odisti
1344 2360 1489 2387 eorum
1525 2361 1622 2401 quae
1656 2345 1834 2387 fecisti.''

442 2411 500 2452 Et
541 2415 638 2467 post
681 2410 910 2467 pusillum:
965 2417 987 2434 “
1010 2414 1148 2468 parcis
1186 2417 1332 2455 autem
1379 2414 1589 2463 omnibus
1628 2414 1832 2469 quoniam

441 2482 464 2500 “
495 2482 573 2520 tua
604 2482 717 2528 sunt,
753 2479 949 2530 Domine,
983 2481 1058 2534 qui
1086 2495 1205 2522 amas
1230 2480 1433 2522 animas.”
1466 2481 1633 2532 Quibus
1660 2481 1834 2523 eviden-

440 2549 507 2587 ter
556 2545 721 2588 accedit
766 2547 876 2588 illud
923 2545 1075 2589 Isaiae:
1133 2549 1275 2590 “Vias
1317 2549 1408 2604 ejus
1441 2549 1546 2600 vidi,
1592 2552 1636 2590 et
1687 2548 1831 2589 dimisi

442 2620 462 2635 “
495 2629 603 2663 eum,
642 2618 686 2655 et
719 2613 872 2656 reduxi
914 2629 1024 2667 eum,
1058 2619 1101 2657 et
1129 2616 1297 2658 reddidi
1326 2616 1640 2658 consolationes
1675 2616 1757 2671 ipsi
1790 2619 1834 2658 et

440 2281 464 2298 (ί

442 2348 465 2366 (ζ

493 2844 575 2879 ¹b'lc.
1194 2855 1205 2871 ²¹
1225 2852 1289 2886 Sic,

484 2904 495 2921 '³
509 2902 577 2938 ulti,
596 2900 666 2932 MS.
