1905 3180
417 269 500 309 616
915 268 1153 301 APPENDIX
1187 267 1304 298 xvii.

417 396 630 444 Thamesi,
666 407 796 449 quam
830 391 1015 433 emimus
1058 390 1113 430 ab
1159 387 1353 429 Henrico
1386 386 1476 428 filio
1521 385 1704 428 Henrici
1750 385 1816 427 Si-

418 479 554 514 meon,
587 460 870 504 concedentes
915 458 976 499 eis
1021 460 1065 498 et
1108 456 1308 498 volentes
1353 454 1469 510 quod
1512 454 1596 509 ipsi
1642 455 1850 509 pontem.

418 532 514 574 fieri
535 530 698 572 faciant
729 527 845 569 ultra
875 524 1101 567 brachium
1138 523 1247 564 illud
1278 521 1501 564 Thamesis
1538 521 1655 577 quod
1686 521 1821 563 currit

418 602 535 642 inter
567 597 754 639 insulam
806 593 1061 651 praedictam
1094 595 1140 633 et
1171 592 1322 633 domos
1352 604 1464 641 suas,
1500 593 1545 632 et
1576 589 1693 645 quod
1723 603 1821 630 ean-

421 669 519 709 dem
551 665 737 707 insulam
765 663 819 704 ad
852 661 1129 703 securitatem
1162 659 1389 701 domorum
1421 672 1598 699 suarum
1630 660 1675 698 et
1705 659 1821 698 tran-

421 734 682 791 quillitatem
729 729 951 785 religionis
996 743 1085 770 suae
1128 741 1266 776 muro,
1305 725 1377 767 vel
1423 725 1509 767 alio
1553 724 1681 766 modo
1712 724 1822 766 sicut

419 803 503 845 sibi
549 799 723 849 viderit,
767 797 970 853 expedite
1021 795 1184 838 faciant
1236 793 1410 836 includi.
1494 792 1551 835 In
1591 792 1713 849 cujus
1760 792 1822 834 rei

420 868 731 916 testimonium,
766 867 840 908 &c

480 938 606 978 Teste
626 949 726 991 rege
757 934 872 989 apud
907 932 1038 973 West.
1072 930 1179 971 xxii.
1213 929 1282 971 die
1315 929 1491 985 Aprilis.

1038 1331 1214 1374 XVIII.

673 1481 766 1523 Pro
797 1480 1041 1523 Fratribus
1076 1478 1341 1522 Minoribus
1378 1477 1571 1521 Ooeonioe.

822 1624 932 1678 (Pat.
967 1625 1020 1665 29
1058 1622 1170 1664 Hen.
1195 1621 1281 1662 ΠΙ.
1315 1635 1367 1662 m.
1393 1621 1449 1675 9.)

488 1758 584 1799 Rex
615 1756 826 1798 concessit
861 1756 1071 1797 fratribus
1105 1754 1350 1797 Minoribus
1383 1753 1577 1806 Oxoniae‚
1610 1754 1667 1796 ad
1697 1753 1828 1809 majo-

425 1840 515 1867 rem
567 1825 760 1880 quietem
822 1827 866 1865 et
919 1823 1198 1866 securitatem
1241 1822 1529 1865 habitationis
1569 1837 1669 1872 suae,
1715 1821 1829 1877 quod

426 1894 594 1949 possint
625 1893 825 1934 claudere
858 1892 1003 1934 vicum
1037 1892 1112 1947 qui
1160 1891 1414 1933 extenditur
1457 1890 1538 1932 sub
1581 1905 1706 1932 muro
1739 1889 1829 1932 Ox-

426 1962 549 2010 onke,
572 1975 599 2002 a
629 1962 757 2016 porta
789 1974 886 2015 quae
918 1960 1079 2002 dicitur
1116 1959 1366 2015 Watergate
1398 1959 1446 2000 in
1490 1958 1694 2014 parochia
1726 1957 1826 2000 Stae.

427 2029 576 2079 Ebbae,
600 2042 735 2083 usque
767 2029 822 2070 ad
853 2042 1038 2083 parvum
1070 2027 1282 2083 posticum
1314 2027 1505 2082 ejusdem
1537 2027 1653 2068 muri
1682 2039 1831 2067 versus

427 2100 646 2148 casm-unm
698 2096 762 2137 ita
818 2096 933 2150 quod
976 2109 1125 2137 murus
1161 2094 1433 2136 karnollatus
1469 2094 1623 2136 similis
1664 2094 1828 2149 reliquo

427 2178 553 2205 muro
601 2162 794 2218 ejusdem
839 2162 1067 2218 municipii
1114 2162 1195 2203 fiat
1242 2163 1353 2204 circa
1398 2161 1624 2218 praefatam
1660 2161 1830 2203 habita-

427 2232 605 2280 tionem,
638 2230 849 2285 incipiens
887 2231 942 2271 ab
975 2230 1229 2272 occidentali
1270 2230 1404 2272 latere
1436 2229 1565 2271 dictae
1607 2231 1746 2285 portae
1778 2229 1829 2270 de

426 2299 693 2354 Watergate,
737 2302 782 2340 et
818 2313 862 2339 se
910 2298 1148 2340 extendens
1194 2311 1343 2339 versus
1377 2300 1575 2339 austrum
1604 2311 1740 2352 usque
1776 2296 1829 2338 ad

426 2366 565 2422 ripam
588 2365 800 2415 Tamisiae,
824 2369 868 2407 et
890 2365 992 2407 inde
1023 2366 1287 2421 protendens
1318 2379 1448 2421 super
1478 2364 1659 2407 eandem
1689 2364 1828 2420 ripam

426 2448 577 2475 versus
609 2432 875 2475 occidentem
905 2447 1041 2488 usque
1070 2434 1126 2474 ad
1147 2433 1321 2475 feodum
1344 2433 1531 2475 Abbatis
1552 2432 1605 2474 de
1628 2433 1762 2475 Becco
1783 2432 1828 2473 in

427 2500 632 2556 parochia
680 2500 759 2541 Sti.
794 2500 998 2550 Bodhoci‚
1035 2501 1195 2542 iterum
1233 2502 1483 2543 reflectatur
1518 2515 1668 2543 versus
1708 2499 1828 2556 aqui-

428 2569 572 2610 lonem
604 2581 740 2622 usque
773 2581 858 2622 quo
890 2568 1184 2624 conjungatur
1215 2583 1313 2610 cum
1334 2569 1474 2610 veteri
1505 2582 1628 2610 muro
1659 2567 1827 2624 praefati

426 2636 555 2692 burgi
595 2635 729 2691 juxta
759 2635 873 2677 latus
918 2636 1128 2679 orientale
1171 2636 1477 2693 praenominati
1508 2636 1663 2692 postici
1693 2634 1826 2691 parvi.

429 2704 526 2745 Rex
569 2702 701 2745 etiam
743 2704 950 2746 concessit
992 2705 1163 2755 eisdem,
1197 2705 1254 2747 ad
1305 2705 1648 2747 continuandum
1688 2703 1826 2745 locum

427 2786 592 2814 novum
624 2785 722 2813 cum
752 2772 902 2822 veteri,
938 2773 1055 2827 quod
1086 2772 1258 2829 possint
1288 2776 1559 2829 prosternere
1606 2772 1659 2813 de
1705 2783 1827 2812 muro

427 2839 608 2896 antiquo
649 2841 863 2894 quantum
916 2841 1170 2883 extenditur
1211 2840 1428 2884 habitatio
1481 2840 1671 2897 ipsorum
1717 2837 1827 2880 infra
