1905 3180
440 284 522 327 336
924 288 1030 320 ADAE
1062 287 1122 318 DE
1152 285 1346 317 MAR1sco

460 415 692 465 {loverniaa
726 415 907 469 propter
949 425 1054 466 quas
1097 405 1212 451 licet*
1228 409 1335 450 mihi
1377 409 1482 451 alias
1533 408 1836 451 concederetur

436 498 560 539 agere
593 483 644 523 de
679 481 856 535 judicio,
891 493 1166 534 nequaquam
1198 477 1410 533 personali
1441 476 1672 532 praesentia
1703 477 1837 518 domi-

435 566 539 592 num
581 549 946 604 archiepiscopum
995 545 1202 587 comitari.
1279 545 1472 600 Septima
1513 545 1696 600 denique
1738 545 1834 596 fuit,

437 634 533 674 quae
565 633 692 674 super
734 616 879 658 omnia
912 616 958 656 111
994 614 1075 655 hac
1115 617 1239 669 parte
1270 613 1516 668 cogitabilia
1548 627 1616 654 me
1647 613 1836 655 maxime

437 687 601 728 faciunt
635 686 933 727 exhorrescere
975 682 1110 737 ipsius
1142 681 1306 723 domini
1348 680 1653 736 archiepiscopi
1694 696 1836 736 perso-

438 755 581 796 nalem
613 752 915 803 assistentiam,
949 750 1116 792 saeculis
1155 749 1353 791 omnibus
1385 748 1588 790 atrocitas
1620 752 1839 805 superstu-

438 822 578 878 penda
619 823 671 863 de
721 824 862 876 strage
895 819 1152 869 animarum,
1192 832 1297 872 quae,
1332 817 1442 873 proh
1482 816 1629 858 nefas!
1671 817 1838 873 jugiter

440 891 647 931 hactenus
678 889 771 930 fieri
813 888 1016 938 assuevit,
1049 901 1127 941 pro
1169 899 1218 926 eo
1266 885 1382 940 quod
1422 899 1537 926 nunc
1578 886 1838 927 auctoritate

439 958 743 1013 provisionum,
798 970 913 997 nunc
957 953 1265 1010 jurisdictione
1327 953 1673 1008 metropolitana,
1723 968 1839 996 nunc

439 1026 608 1066 ratione
642 1024 871 1080 patronali,
907 1023 942 1064 si
980 1022 1265 1078 personaliter
1311 1022 1513 1071 adessem,
1546 1021 1840 1063 indesinenter

440 1093 671 1149 aspicerem
703 1092 923 1133 ecclesiam
956 1091 1040 1131 Dei
1073 1089 1285 1145 dissipari,
1310 1090 1606 1132 sanemarium
1635 1090 1719 1131 Dei
1743 1105 1840 1146 pro-

439 1161 591 1210 fanari,
641 1159 803 1201 Filium
848 1159 932 1200 Dei
979 1158 1231 1207 conculcari,
1274 1157 1529 1213 sanguinem
1587 1159 1841 1200 testamenti

440 1228 603 1284 pollui,
653 1227 765 1269 curis
811 1241 991 1283 gregum
1035 1226 1352 1267 dominicorum
1392 1225 1571 1270 traditis
1616 1241 1840 1281 nunquam

441 1296 665 1345 curatur-is,
710 1295 892 1350 ignavis,
936 1294 1091 1350 impiis,
1136 1298 1179 1335 et
1215 1293 1521 1349 pervicacibus,
1556 1294 1630 1335 sed
1670 1295 1841 1336 eosdem

442 1363 690 1414 vastaturis,
715 1363 959 1418 direpturis,
984 1362 1235 1417 prodituris,
1269 1362 1515 1403 daemoniali
1546 1361 1665 1404 rabie
1696 1377 1842 1418 super-

443 1431 699 1473 atrocissimi
741 1431 899 1472 suroris
951 1431 1189 1472 concitatis.
1275 1430 1442 1481 Quibus
1484 1434 1575 1472 tam
1617 1432 1844 1487 superbor-

443 1499 590 1540 rcndis
648 1499 899 1554 spectaculis
941 1498 977 1539 si
1019 1498 1222 1539 assistens
1268 1498 1507 1547 reclamem,
1560 1499 1843 1541 nihilominus

444 1567 759 1609 exercebuntur
795 1565 985 1607 facinora
1026 1569 1118 1606 tam
1169 1566 1343 1608 nefariis
1391 1566 1671 1610 crudelitatis,
1767 1568 1845 1610 Sin

444 1638 590 1676 autem
623 1634 890 1675 connivendo
922 1634 1036 1685 sileo,
1068 1634 1182 1689 quod
1215 1634 1358 1676 absit!
1404 1649 1519 1676 mors
1551 1635 1659 1676 mihi
1690 1636 1784 1677 erit.

505 1702 614 1744 Cum
647 1702 781 1757 igitur
822 1716 937 1742 nunc
973 1704 1138 1757 septem
1175 1703 1490 1757 proposuissem
1513 1718 1739 1745 causarum
1773 1704 1846 1745 ob-

443 1770 671 1819 sistentias‚
696 1770 926 1824 quominus
954 1769 1076 1811 fieret
1108 1770 1160 1810 de
1191 1785 1260 1811 me
1293 1771 1407 1825 quod
1438 1771 1532 1812 fieri
1563 1772 1705 1814 voluit
1732 1787 1844 1828 saepe

444 1839 585 1879 (lictus
607 1837 958 1892 archiepiscopus,
983 1837 1038 1878 ad
1064 1837 1209 1879 omnia
1235 1838 1485 1880 rationabili
1506 1840 1730 1895 respondit
1750 1855 1845 1896 pro-

444 1906 662 1947 secutione
694 1905 929 1947 secundum
958 1905 1292 1947 {estimationem
1314 1907 1564 1959 astantium,
1587 1908 1846 1963 promittens

446 1989 489 2015 se
524 1973 758 2014 secundum
795 1988 902 2015 meae
936 1972 1205 2015 modicitatis
1247 1974 1588 2017 insinuationem
1630 1976 1846 2018 erroribus

446 2042 754 2082 correctionem
776 2041 1085 2082 adhibiturum.
1140 2042 1181 2082 A
1211 2042 1388 2083 domina
1412 2043 1562 2099 regina
1588 2057 1768 2099 quoque,
1795 2047 1847 2086 ut

446 2110 534 2163 ipse
577 2109 683 2149 mihi
724 2112 874 2163 postea
913 2109 1037 2157 dixit,
1082 2109 1275 2151 obtinuit
1315 2111 1483 2152 litteras
1524 2126 1621 2152 cum
1663 2113 1846 2168 propriis

446 2177 661 2231 petitoriis
689 2176 745 2216 ad
774 2192 861 2227 vos,
881 2191 957 2232 pro
986 2177 1246 2232 beneplaciti
1268 2178 1332 2218 sui
1354 2179 1666 2234 complemento
1693 2180 1748 2221 ad
1770 2194 1846 2222 vos

450 2243 696 2291 destinatas,
725 2244 799 2298 qui
827 2248 1054 2298 postquam
1083 2246 1185 2286 veni
1208 2245 1424 2287 Oxoniam
1452 2247 1571 2288 misit
1599 2247 1705 2289 mihi
1732 2248 1847 2290 litte-

229 2328 300 2358 The
317 2327 355 2359 Ε
373 2327 411 2358 of
452 2325 555 2359 ram,
580 2324 709 2364 quam
738 2312 1021 2365 praesentibus
1049 2312 1255 2354 inclusam
1284 2314 1407 2355 vobis
1438 2316 1697 2356 transmitto.
1762 2316 1848 2358 Do-

227 2371 421 2446 {sgsifrssessteffig
454 2378 596 2418 minus
617 2381 762 2418 autem
789 2393 927 2419 comes
950 2379 1210 2434 Leycestriae
1238 2396 1314 2436 per
1335 2381 1504 2423 litteras
1535 2397 1643 2433 suas,
1667 2398 1847 2438 qua-rum

232 2469 384 2498 presence
400 2459 434 2489 in
455 2444 753 2485 novissimaml
815 2445 1094 2487 nihilominus
1126 2449 1411 2502 praesentibus
1446 2450 1599 2491 inclusi
1647 2451 1779 2501 vobis,
1813 2451 1848 2492 si

230 2503 408 2544 Boulogne.
454 2512 604 2567 placet,
639 2512 877 2567 legendam,
913 2516 957 2554 et
988 2514 1118 2555 etiam
1141 2515 1316 2557 domina
1343 2518 1560 2559 comitissa
1592 2518 1847 2574 Leycestriae

453 2580 509 2620 ad
537 2594 603 2620 me
626 2580 908 2634 personaliter
937 2581 1150 2632 accedens,
1173 2598 1242 2625 me
1270 2599 1438 2626 summa
1469 2585 1754 2628 sollicitarunt
1785 2587 1846 2627 in·
1897 2636 1899 2644 y

455 2647 627 2695 stantia,
653 2651 701 2687 ut
725 2647 814 2688 sinc
836 2661 966 2689 mora>
989 2649 1212 2705 dispendio
1236 2652 1463 2695 Boloniam
1492 2668 1560 2695 me
1581 2653 1844 2706 transferam,
1896 2649 1898 2655 ¹

1010 2860 1017 2878 ¹
1043 2861 1222 2900 novissima,
1248 2862 1319 2896 MS.
