1905 3180
443 255 527 297 396
929 259 1036 291 ADAE
1068 260 1128 290 DE
1159 259 1359 290 MARIsco

445 376 650 432 Capitula
682 389 874 417 summas
907 374 1010 416 libri
1044 374 1374 429 distinguentia,
1406 376 1458 416 ut
1494 388 1601 424 reor,
1637 389 1725 416 non
1756 390 1843 418 me-

443 444 649 485 diocriter
704 443 760 484 ad
804 443 896 498 ejus
941 442 1214 484 intellectum
1262 441 1402 491 utilia,
1456 442 1647 484 Domino
1697 443 1840 494 dante,

443 512 550 553 alias
572 511 800 552 habebitis.
854 510 1111 566 Specialiter
1132 512 1406 564 plaesentate,
1431 513 1543 565 peto,
1568 511 1844 566 qualemcun-

443 593 527 634 que
557 593 664 620 meae
695 579 982 634 gratitudinis
1012 578 1288 618 affectionem
1319 577 1559 619 venerandi
1589 579 1736 634 patris,
1758 579 1844 621 fra-

442 647 523 689 tris
554 646 618 697 A„
651 647 852 702 gareliani.
883 645 1191 695 Londonensis,
1224 645 1373 686 latiori
1404 645 1673 687 liberalitati.

993 902 1291 945 CCXXVIII.

441 1037 601 1081 Fratri
638 1037 697 1080 W.
729 1037 898 1079 Bellum
933 1036 1095 1078 Frater
1123 1036 1232 1078 Ada
1265 1035 1505 1092 [salutem]
1540 1039 1577 1078 et
1610 1035 1843 1080 sincerum

790 1104 945 1147 ‹Zebitcc
976 1103 1236 1146 dilectionis
1267 1104 1486 1160 affectam.

219 1242 258 1272 In
275 1241 390 1274 behalf
502 1231 570 1272 De
601 1230 725 1272 vobis
753 1230 917 1272 innatae
945 1229 1234 1286 benignitatis
1263 1229 1454 1271 amicitia
1481 1228 1612 1279 fideli,
1643 1230 1843 1285 quamvis

218 1286 374 1368 {it-lffixias,
441 1298 520 1340 hoc
541 1299 796 1340 meritorum
824 1313 1018 1339 meorum
1050 1298 1246 1339 tenuitas
1278 1313 1366 1339 non
1391 1298 1597 1352 requirat,
1629 1312 1685 1339 ex
1707 1298 1842 1340 effica-

218 1373 273 1404 1110
288 1375 413 1407 bearer.
440 1366 563 1408 cibus
606 1366 876 1422 argumentis
912 1366 1195 1421 experientiae
1236 1366 1493 1421 multiplicis
1523 1366 1663 1406 vestri
1698 1366 1842 1421 gratia

439 1435 613 1490 plenam
639 1434 687 1474 in
715 1434 904 1475 Domino
936 1437 1162 1489 reportans
1194 1434 1412 1484 fiduciam,
1447 1433 1720 1475 discretionis
1751 1448 1845 1476 ves-

440 1506 521 1544 trae
552 1502 745 1557 supplico
787 1502 1023 1550 sedulitati,
1063 1504 1279 1556 quatenus
1321 1501 1591 1543 carissimum
1639 1501 1750 1542 mihi
1795 1501 1843 1544 in

441 1569 616 1612 Christo
639 1569 861 1620 Thomam,
888 1568 1071 1610 latorem
1103 1569 1398 1624 praesentium,
1432 1569 1485 1610 de
1517 1572 1723 1610 consueta
1752 1569 1844 1625 pie-

438 1637 545 1680 tatis
575 1637 881 1678 benevolentia
923 1637 971 1678 in
1001 1638 1178 1692 negotio
1221 1652 1308 1686 suo,
1344 1637 1459 1692 quod
1501 1636 1593 1692 ipse
1624 1636 1761 1687 vobis,
1806 1636 1843 1678 si
1904 1685 1905 1691 ¹

437 1706 594 1761 placet,
625 1705 731 1746 viva
761 1719 867 1747 voce
912 1707 978 1746 est
1018 1705 1308 1760 expositurus,
1343 1708 1558 1759 quatenus
1604 1704 1843 1746 inhaeretur

437 1773 742 1815 misericordiae
787 1776 832 1814 et
862 1772 1051 1828 justitiae
1089 1773 1346 1824 deservitur,
1378 1772 1548 1814 intuitu
1599 1772 1841 1814 Salvatoris

438 1840 619 1882 salutari
650 1840 828 1882 consilio
853 1840 1012 1896 juvare
1042 1840 1202 1881 velitis.

497 1908 654 1950 Valeat
705 1908 901 1950 caritatis
951 1911 1107 1950 vestrae
1159 1907 1493 1950 communicatio
1549 1908 1598 1949 in
1666 1907 1840 1950 Christo

438 1990 606 2032 semper
634 1979 678 2018 et
709 1975 962 2017 beatissima
994 1975 1189 2032 Virgine.

1017 2245 1260 2288 CCXXIX.

440 2372 702 2416 Pvroeczzleeto
718 2369 877 2414 Fratri
900 2369 1140 2413 Willielmo
1157 2370 1325 2412 Bellum
1337 2369 1551 2412 FmterA
1559 2370 1620 2412 da
1638 2370 1837 2426 qratiam

712 2439 769 2481 im
794 2438 1011 2494 prcoescntel
1042 2443 1080 2480 ct
1107 2438 1307 2493 [storiam
1337 2437 1394 2480 in
1414 2438 1595 2494 futuro.

219 2573 286 2604 For
301 2573 357 2605 the
501 2562 824 2613 Eadmundum‚
869 2561 1052 2602 latorem
1095 2561 1389 2616 praesentium,
1435 2574 1564 2615 quem
1609 2559 1719 2601 mihi
1762 2559 1838 2600 du·-

221 2618 422 2693 *ffiffififl’lffine
440 2631 546 2673 dum
578 2629 800 2686 specialior
832 2629 881 2669 in
918 2629 1108 2669 Domino
1157 2628 1387 2683 conjunxit
1432 2627 1718 2679 familiaritas,
1765 2626 1836 2667 ob-

440 2699 590 2740 nixius
611 2712 714 2753 rogo
748 2700 972 2752 quatenus,
997 2696 1232 2737 secundum
1261 2695 1512 2746 Dominum,
1539 2695 1634 2736 fieri
1665 2693 1833 2750 poterit,

442 2767 497 2808 ob
549 2764 960 2820 contemplationem
1012 2763 1287 2811 Divinitatis‚
1344 2763 1391 2803 in
1442 2762 1506 2813 iis,
1552 2776 1649 2817 quae
1699 2760 1832 2810 vobis,
1883 2751 1886 2799 i

442 2834 479 2875 si
509 2833 661 2890 placet,
699 2833 870 2888 plenius
906 2835 972 2874 est
1011 2832 1289 2887 expositurus
1325 2831 1396 2872 vel
1430 2843 1721 2886 expressurus,
1758 2840 1832 2883 per
