1905 3180
632 221 871 255 Ems'rOLAE.
1373 215 1425 255 26
1436 214 1458 254 5

54 339 259 389 bitanter,
305 337 420 393 quod
473 352 548 394 per
601 337 745 393 Ipsius
793 334 1176 379 clementissimam
1239 336 1459 392 dispensa-

54 406 227 454 tionem,
261 404 337 460 qui
367 419 456 446 non
487 405 669 461 despicit
697 407 1010 461 praesumentes
1042 403 1094 444 de
1139 417 1193 453 se,
1229 408 1462 459 quantum-

54 487 234 527 cumque
276 472 509 514 videantur
549 473 759 529 insperati
805 476 986 514 eventus
1036 485 1163 512 sanos
1207 472 1461 513 salutarium

54 540 370 596 propositorum
423 545 652 596 conceptus
704 540 926 582 retardare
973 538 1100 593 ipsos,
1152 543 1329 594 propter
1394 539 1461 580 sui

52 607 239 649 nominis
280 608 489 650 honorem
533 612 577 650 et
608 609 791 650 salutem
838 607 930 662 Ipsi
981 604 1172 646 fideliter
1225 606 1464 663 obsequen-

55 675 176 725 tium,
216 675 272 717 ad
315 675 579 718 laudabilem
625 691 756 732 supra
787 689 919 730 quam
971 672 1113 728 optari
1171 673 1315 715 valeat
1367 689 1465 715 con-

53 742 389 785 summationem
442 744 676 800 perducere
725 742 989 799 dignabitur.
1075 740 1171 781 Etsi
1227 741 1462 797 multiplex

54 811 323 866 experientia
350 815 527 854 tenuem
556 815 735 868 praestet
770 809 985 857 fiduciam,
1019 807 1074 849 ad
1108 807 1308 850 habenda
1339 824 1466 865 super

53 879 239 934 negotiis
286 879 337 920 de
375 880 533 934 quibus
580 879 811 935 scripsistis
857 877 1178 931 circumspecta,
1226 877 1464 919 secundum

54 946 171 1002 quod
201 961 268 988 res
299 948 535 1003 requirant,
570 947 760 998 consilia,
794 946 1044 988 Divinitate
1076 948 1224 986 tamen
1256 945 1460 1001 propitia,

54 1013 101 1055 in
147 1013 267 1069 cujus
298 1029 433 1056 manu
471 1016 601 1057 corda
644 1019 748 1057 sunt
791 1030 957 1071 regum,
1002 1011 1289 1054 diffidendum
1326 1014 1466 1054 nulla-

56 1085 183 1123 tenus
243 1085 320 1133 est,
374 1084 605 1138 quominus
657 1083 878 1125 humiliati
943 1084 1023 1124 sub
1089 1082 1261 1137 potenti
1333 1096 1467 1122 manu

57 1149 140 1190 Dei
196 1164 368 1192 omnem
424 1151 764 1193 sollicitudinem
816 1155 1013 1194 nostram
1069 1151 1115 1192 in
1167 1149 1319 1205 Ipsum
1371 1165 1467 1205 pro-

53 1217 267 1273 jiciamus,
308 1218 513 1274 quoniam
552 1220 643 1275 Ipsi
679 1222 745 1260 est
776 1234 878 1261 cura
910 1219 962 1260 de
991 1220 1128 1270 nobis,
1153 1218 1269 1273 quod
1295 1217 1467 1272 justum

63 1288 129 1326 est
160 1285 279 1340 juste
327 1287 623 1342 persequendo
669 1287 896 1342 ambiguos
943 1288 1165 1329 actionum
1213 1288 1465 1326 nostrarum

58 1353 201 1395 exitus
233 1354 288 1395 ad
319 1358 483 1397 certum
517 1356 647 1396 finem
692 1355 869 1397 Divinae
901 1355 1144 1398 voluntatis
1179 1353 1436 1409 dirigamus.

118 1421 275 1463 Valeat
311 1423 585 1464 serenissima
620 1423 830 1464 nobilitas
861 1427 1020 1465 vestra.
1082 1422 1240 1465 Valeat
1273 1424 1317 1462 et
1351 1421 1470 1461 illus-

58 1489 136 1531 tris
179 1490 405 1532 comitissa.
490 1491 675 1532 Valeant
722 1494 767 1532 et
811 1491 1033 1533 carissima
1084 1490 1267 1546 pignora
1311 1492 1467 1533 vestra.

60 1556 247 1599 Valeant
281 1562 324 1600 et
359 1558 507 1600 omnia
538 1559 715 1615 dignam
760 1558 1105 1601 dominationem
1137 1560 1331 1599 vestram
1372 1571 1470 1599 con-

62 1624 295 1681 tingentia,
327 1627 373 1667 in
408 1626 581 1669 Christo
614 1641 781 1683 semper
813 1631 857 1669 et
888 1627 1137 1669 beatissima
1169 1625 1359 1681 Virgine.

634 1890 885 1935 CXXXIX.

203 2010 390 2055 Illustri
421 2010 530 2064 viro,
555 2011 710 2056 comiti
731 2010 1003 2070 Leyccstricc‚
1027 2011 1188 2054 Frater
1208 2005 1331 2053 Αᾱῖα.

127 2132 176 2174 Si
201 2135 294 2174 tota
322 2131 478 2173 mentis
504 2131 663 2174 fiducia
695 2146 924 2189 pergamus
956 2131 1003 2172 in
1041 2130 1201 2187 Ipsum,
1239 2129 1313 2185 qui
1348 2129 1470 2172 veni-
1486 2140 1634 2172 Justifies

38 2204 186 2243 >entes
218 2200 273 2241 ad
313 2215 357 2241 se
399 2215 487 2242 non
525 2199 642 2255 ejicit
687 2200 812 2252 foras,
858 2215 937 2242 nec
978 2214 1171 2255 unquam
1216 2198 1376 2240 deserit
1417 2198 1470 2239 de
1487 2185 1692 2261 {Jffinffiffins

70 2283 148 2309 sua
174 2267 465 2310 misericordia
495 2268 819 2324 praesumentes,
852 2268 955 2309 licet
979 2267 1148 2309 labores
1182 2266 1322 2308 nostri
1353 2269 1529 2322 opta—he
1544 2272 1609 2304 had

68 2338 163 2377 tum
184 2350 272 2377 non
303 2335 544 2377 sortiantur
576 2336 787 2386 effectum,
814 2336 908 2377 Deo
939 2335 1093 2377 melius
1126 2333 1293 2390 aliquid
1328 2334 1472 2389 provi-
1488 2318 1663 2393 {ffisfflffl

67 2402 199 2445 dente
221 2418 388 2460 semper
419 2403 620 2445 omnibus
650 2404 725 2459 qui
751 2403 899 2445 colunt
928 2403 1088 2459 Ipsum,
1112 2402 1268 2459 vigiles
1296 2406 1472 2445 actuum

68 2475 316 2513 nostrorum
358 2471 671 2513 sollicitudines
714 2471 771 2513 ad
823 2471 1126 2514 salutariorem
1168 2473 1342 2515 exitum
1379 2485 1473 2528 per-

71 2539 294 2581 ducentur.
373 2539 665 2591 Quamobrem
707 2539 744 2580 si
777 2539 893 2595 quod
938 2540 1204 2581 intendimus
1234 2540 1471 2597 proveniat,

67 2606 175 2649 bene
220 2607 428 2662 quidem3
480 2607 546 2648 sin
589 2611 746 2657 autem,
806 2607 1040 2649 certissime
1086 2623 1303 2664 speremus
1349 2608 1472 2661 longe

71 2672 416 2716 desiderabiliora
459 2689 588 2730 quam
636 2675 938 2730 concepimus;
1000 2690 1075 2730 per
1122 2676 1268 2716 omnia
1310 2676 1366 2716 sit
1398 2675 1474 2715 Di-

70 2733 171 2783 vino
222 2742 387 2783 nomini
433 2739 751 2798 superexaltata
793 2741 1042 2791 benedictio,
1087 2744 1332 2797 perenniter
1372 2757 1474 2796 quo-

73 2817 154 2864 que
198 2803 448 2851 observetur
490 2813 534 2852 et
582 2805 692 2851 Filio
735 2809 817 2851 Dei
860 2806 966 2850 fides
1009 2805 1228 2858 inviolata,
1262 2814 1306 2852 et
1336 2804 1475 2865 legiti-
