1905 3180
704 309 937 340 ierisronffiz,
1419 304 1493 349 371

731 490 884 532 (JOIX.

107 616 265 661 Fratri
311 617 380 668 W„
411 616 632 659 Ministro
660 616 855 671 Aozgyzice,
897 618 1057 660 Fraler
1087 619 1195 661 Αῶιι
1228 622 1428 674 salutem,
1466 627 1501 665 el

257 685 463 728 devotum
495 684 723 742 supplicis
767 685 1028 729 obedienta&
1055 686 1354 742 flammatum.

168 812 278 855 Cum
318 812 526 854 humilem
566 814 725 854 nostrae
766 812 1043 867 professionis
1095 814 1389 857 assistentiam
1432 817 1651 872 piaAvery

107 881 367 937 pontificalis
433 880 701 922 excellentia}
758 880 955 935 dignatio
999 881 1271 936 vigilantiori
1318 885 1502 939 requirit
1519 871 1702 949 Ξζξξξξέξζ

106 948 410 1000 sollicitudine,
444 947 748 990 indubitanter
787 962 963 990 assensu
1006 950 1191 991 occurrit
1231 952 1499 1007 promptiori,
1519 953 1561 984 Π·
1578 954 1617 985 de

105 1018 189 1060 nisi
220 1018 295 1072 qui
326 1017 397 1059 vel
439 1016 714 1058 dilectionem
746 1017 1025 1072 prosequitur
1069 1019 1262 1060 evidenti
1305 1020 1497 1074 perfidia,
1517 996 1677 1083 Ξζὲρῗῖἃ

105 1085 176 1127 vel
220 1085 324 1126 ficta
364 1085 448 1127 fide
491 1085 706 1126 mentitur
737 1085 1073 1127 aemulationem.
1137 1086 1366 1141 Numquid
1408 1102 1496 1129 non
1517 1086 1655 1117 allowed

111 1152 325 1195 Christusl
350 1153 434 1194 Dei
466 1153 622 1204 virtus,
647 1153 730 1194 Dei
765 1153 992 1208 sapientia,
1024 1168 1213 1195 summos
1259 1156 1498 1197 sacerdotes
1515 1134 1674 1205 ἷῖῑῗῑξῆἶῃθ

105 1224 198 1263 tam
241 1221 387 1262 stabili
429 1235 561 1276 quam
592 1220 771 1262 salutari
819 1221 990 1263 decreto
1038 1223 1279 1272 constituit,
1317 1226 1368 1265 ut
1408 1224 1497 1265 sint
1513 1217 1629 1293 'gisliiolp
1645 1218 1684 1249 of

104 1292 148 1331 et
178 1289 242 1331 sal
272 1292 412 1340 terrae,
454 1289 534 1330 lux
574 1288 739 1338 mundi,
785 1292 1013 1344 portantes
1055 1290 1214 1340 orbem,
1248 1291 1497 1346 dispensari·
1516 1271 1695 1304 ea1s>ury,

104 1360 170 1398 tes
211 1357 407 1405 salutem,
441 1359 756 1412 praeparatores
798 1357 932 1412 regni,
972 1361 1339 1399 consummatores
1370 1360 1499 1401 coeli?

107 1425 215 1477 Quis
246 1439 347 1481 ergo
382 1427 476 1466 tam
510 1427 661 1465 sancta
697 1424 901 1466 culminis
933 1426 1158 1480 apostolici
1190 1426 1497 1477 moderamina,

105 1493 189 1535 nisi
225 1507 354 1548 quem
394 1492 576 1548 profana
617 1492 887 1535 daemonialis
919 1494 1170 1549 pervicaciae
1214 1494 1501 1536 deliramenta

106 1561 343 1617 captivant,
367 1561 507 1602 totius
538 1561 759 1615 potentiae,
793 1561 931 1602 totius
963 1562 1218 1618 prudentiae,
1253 1563 1390 1604 totius
1422 1563 1501 1604 cle-

104 1629 291 1678 mentiae,
329 1629 466 1670 totius
498 1629 835 1683 perseverantiae
869 1629 1000 1670 sacris
1037 1630 1241 1671 subsidiis
1276 1645 1365 1672 non
1406 1646 1500 1686 pro-

105 1697 327 1752 sequitur?
373 1696 566 1737 Maxime
598 1710 732 1751 quum
775 1698 920 1738 cuncti
952 1698 1177 1748 cernimus,
1210 1698 1319 1754 proh
1349 1699 1496 1740 nefas!

104 1765 171 1807 his
212 1765 365 1806 diebus
397 1765 739 1806 damnatissimis
785 1765 1069 1806 familiarium
1106 1766 1370 1816 inimicitias,
1403 1781 1498 1808 ver—

104 1833 240 1874 sutias
269 1832 500 1882 fallacium,
542 1832 807 1874 lascivorum
848 1834 1128 1888 petulantias,
1171 1834 1362 1875 malitias
1404 1850 1498 1890 per-

101 1901 310 1944 tinacium
354 1901 474 1942 intus
515 1901 601 1941 illis
650 1901 871 1952 obsistere,
926 1904 970 1942 et
1008 1901 1246 1956 opprimere
1290 1902 1365 1942 illa
1395 1902 1497 1943 foris

103 1969 314 2012 atrocium
363 1969 604 2018 violentias,
656 1969 931 2024 pervasiones
994 1969 1226 2024 rapacium,
1277 1973 1498 2011 assentan-

101 2037 212 2079 tium
242 2037 492 2087 blanditias,
525 2036 780 2078 afflictiones
811 2037 1187 2092 praeurgentium;
1220 2040 1263 2079 et
1285 2052 1374 2079 non
1404 2042 1495 2079 tam

101 2105 218 2147 intus
250 2119 381 2160 quam
412 2104 525 2155 foris,
550 2104 832 2160 conglobatos
866 2108 1139 2160 grassatores,
1177 2107 1221 2146 et
1252 2106 1496 2147 occidendis

102 2173 329 2214 animabus
376 2173 687 2221 innocentium,
743 2175 787 2213 et
830 2187 1069 2227 pauperum
1121 2172 1385 2214 victualibus
1432 2174 1496 2214 di—

102 2241 320 2296 ripiendis,
366 2241 533 2282 canina}
574 2240 830 2282 voracitatis
876 2240 1198 2295 impudentiam
1243 2241 1494 2296 inexplebili

101 2309 218 2350 rabie
239 2311 502 2364 perurgere?
555 2308 701 2363 Igitur
723 2311 939 2362 quantum
961 2308 1146 2349 rationis
1168 2311 1295 2363 cogat
1316 2310 1496 2350 necessi-

101 2379 175 2427 tas,
200 2379 498 2431 quantumque
520 2377 602 2431 pize
625 2375 885 2417 intentionis
918 2376 1114 2431 requirat
1147 2376 1326 2426 utilitas,
1361 2376 1494 2418 etiam

103 2458 158 2485 ex
188 2444 382 2486 saeculari
415 2444 653 2485 calliditate
683 2444 1024 2493 caecutientibus,
1049 2444 1283 2485 dummodo
1320 2459 1495 2500 prorsus

103 2511 198 2553 illos
242 2512 360 2553 Deus
403 2512 534 2567 hujus
585 2512 731 2553 saeculi
787 2526 876 2552 non
929 2512 1222 2561 excaecaverit,
1271 2512 1496 2553 evidenter

103 2593 192 2620 non
232 2580 480 2631 innotescit,
532 2580 650 2621 inter
697 2582 789 2621 tam
838 2579 1115 2620 formidanda
1171 2579 1352 2634 perdita}
1396 2594 1494 2620 con-

104 2647 392 2689 demnationis
440 2647 706 2698 discrimina,
751 2647 837 2688 illis
879 2647 955 2701 qui
999 2648 1092 2688 vice
1128 2647 1366 2688 Salvatoris
1412 2647 1493 2687 sal-

103 2715 255 2756 vandis
287 2715 487 2757 omnibus
519 2715 771 2771 episcopalis
802 2714 934 2770 apicis
966 2714 1258 2755 ministerium
1304 2714 1491 2754 salutare

717 2876 723 2893 ¹
747 2875 877 2911 Cltrlslt',
892 2875 962 2906 MS.

1291 2920 1314 2957 KQ

1169 2927 1252 2958 ΑΛ
