1905 3180
623 254 857 285 EPISTOLAE.
951 283 954 286 ,
1350 248 1433 288 :395

39 367 152 408 nerit
181 367 225 407 111
256 366 416 407 bonum
449 367 522 421 qui
555 368 668 408 solus
699 368 837 409 bonus
867 372 941 417 cst,
976 369 1078 422 quia
1104 371 1348 411 sanctuario
1370 386 1439 412 re-

41 435 152 490 pulit
183 434 448 488 sacrilegum.
535 435 734 483 Multum,
771 436 830 475 mi
863 436 1091 483 carissime,
1125 437 1171 478 111
1203 438 1281 479 hac
1315 443 1436 493 parte

39 501 373 544 recommendari
407 501 531 542 vobis
566 505 667 556 opto
705 516 877 543 causam
916 503 1019 543 Filii
1056 504 1148 551 Dei,
1188 520 1315 560 quem
1345 511 1436 547 tam

37 568 162 610 unice
194 568 386 624 diligitis.
469 569 571 609 Non
612 570 737 610 video
770 570 889 610 aliud
928 569 1006 611 hac
1047 571 1139 612 vice
1176 573 1437 627 signandum

41 635 211 677 domino
233 635 412 677 officiali.
477 636 532 676 In
563 635 675 677 facto
708 637 872 677 domini
904 637 1073 678 comitis
1104 639 1303 688 Simonis,
1336 641 1436 682 licet
1455 649 1566 691 Hopes
1588 652 1659 684 that

38 704 326 759 ingratissima
366 704 617 759 malignitas
650 704 798 745 debita
834 719 1038 760 responsa
1069 707 1289 755 detrectet,
1313 723 1435 762 spero

1453 694 1507 725 the
1532 695 1610 727 Earl
1627 697 1665 728 of

1455 738 1623 772 Leieester

35 771 310 826 respondebit
342 786 546 826 prospera
579 772 902 826 supergraciosa
933 773 1189 828 benignitas.
1255 775 1337 815 Illa
1368 776 1435 816 sui
1454 783 1520 812 will
1537 794 1610 815 suc-

37 838 185 879 militis
232 839 407 880 sudores
452 839 685 894 despiciet;
729 839 814 880 ista
860 840 926 881 sui
977 842 1178 896 supplicis
1231 842 1436 897 obsequia

36 906 242 961 respiciet.
325 906 573 948 Molestiosa
594 907 914 948 *scandalorum
956 909 1290 962 perturbamina,
1336 911 1435 951 licet

32 973 105 1028 agi
132 988 220 1014 non
246 974 385 1014 sinam
418 974 590 1015 silentio
628 976 744 1029 pacis
778 976 942 1016 cunctis
975 979 1136 1030 optatae
1167 978 1433 1026 mortalibus,

37 1055 203 1082 necesse
236 1044 301 1082 est
336 1045 388 1083 ut
419 1042 600 1083 veniant
637 1043 873 1083 secundum
910 1044 1111 1084 veritatis
1143 1045 1433 1093 assertionem,

35 1112 86 1149 ut
121 1108 273 1149 domus
305 1109 388 1150 Dei
419 1110 535 1151 unde
579 1110 838 1165 impingitur
874 1114 925 1151 ut
957 1115 1130 1152 corruat
1171 1112 1271 1153 inde
1301 1113 1435 1154 stabi-

34 1175 165 1217 liatur
185 1180 235 1217 ut
256 1177 473 1231 persistat,
490 1180 534 1218 et
558 1177 790 1218 electorum.
813 1179 970 1220 animae
987 1179 1102 1220 unde
1124 1181 1435 1222 concutiuntur

34 1254 88 1285 ne
124 1244 345 1298 quiescant
381 1245 481 1286 inde
524 1250 805 1286 exerceantur
845 1261 899 1287 ne
939 1246 1174 1288 fatiscant.¹
1260 1248 1433 1290 Praesti-

33 1312 90 1353 tit
121 1326 248 1367 super
277 1312 356 1353 hac
389 1327 435 1353 re
467 1313 731 1354 occasionem
764 1314 881 1368 longi
913 1314 1119 1355 sermonis
1151 1318 1195 1355 et
1227 1315 1436 1371 interpre—

0 1396 1 1399 ¹
32 1374 178 1420 babilis
209 1380 325 1434 quod
360 1380 407 1420 in
439 1380 629 1435 epistola-:-
660 1385 817 1422 vestrae
854 1381 965 1422 calce
1002 1382 1268 1436 apposuistis.
1349 1383 1436 1424 Sed

34 1447 247 1488 Succinxit
291 1462 390 1489 eum
435 1452 478 1489 et
521 1463 618 1489 mea
664 1448 986 1497 insufficientia,
1020 1453 1065 1490 et
1098 1449 1205 1491 vitae
1250 1451 1434 1491 taedium

31 1507 218 1556 inferens
249 1516 628 1571 importunissima
664 1517 998 1572 occupationum
1029 1518 1262 1572 angustia3
1300 1519 1434 1559 etiam

34 1582 239 1638 loquendi
261 1584 415 1625 seriem
446 1584 682 1639 intercepit
713 1584 976 1625 irruentium
1008 1585 1278 1641 improbitas.
1334 1587 1436 1628 Uti-

35 1664 145 1701 nam,
179 1652 216 1692 si
247 1666 387 1694 comes
417 1651 550 1693 fuerit
586 1653 692 1701 vita,
727 1656 906 1708 propter
936 1653 1248 1708 urgentissima
1279 1654 1434 1696 salutis

34 1717 282 1760 discrimina
313 1720 574 1761 concedatur
606 1720 822 1761 divinitus
859 1720 986 1761 nobis
1018 1720 1135 1762 vivae
1171 1721 1288 1763 vocis
1320 1722 1435 1763 invi-

33 1795 122 1828 cem
152 1787 239 1828 frui
261 1787 474 1842 colloquio
497 1788 606 1829 circa
627 1788 798 1829 instans
829 1788 990 1829 festum
1022 1787 1205 1830 Paschae.
1269 1789 1434 1831 Oomiti

34 1853 208 1905 Simoni,
226 1869 388 1910 precor,
417 1856 471 1897 ob
504 1856 918 1910 contemplationem
947 1855 1178 1905 Altissimi,
1207 1857 1253 1897 in
1287 1857 1433 1898 verbis

34 1922 148 1974 Vitae,
181 1923 459 1964 consiliorum
490 1924 749 1965 directiones
781 1924 1030 1980 impendere
1059 1924 1284 1965 studeatis.
1348 1925 1435 1966 Va-

33 1989 116 2031 lete
146 1990 192 2031 in
225 1991 399 2033 Christo
432 1991 461 2032 J
466 2006 541 2032 esu
573 2005 739 2046 semper
771 1998 814 2033 et
846 1992 1097 2032 beatissima
1129 1992 1322 2047 Virgine.

83 2057 304 2108 Salutetis,
337 2058 522 2107 obsecro,
560 2059 764 2113 obsequio
803 2059 887 2100 mei
913 2059 1242 2114 specialissimos
1274 2063 1432 2115 patres,

30 2124 208 2166 fratrem
245 2126 296 2167 A.
345 2127 397 2167 de
429 2126 660 2175 Lexinton‚
694 2127 873 2167 fratrem
907 2127 1143 2167 Ricardum
1176 2127 1228 2168 de
1263 2127 1429 2176 walda,

33 2191 208 2234 fratrem
250 2194 537 2235 VVillielmum
579 2194 632 2234 de
665 2194 885 2249 Basinges,
920 2194 1098 2235 fratrem
1135 2195 1345 2235 Thomam
1378 2196 1431 2236 de

36 2258 177 2312 Hales,
211 2265 255 2302 et
285 2261 393 2302 alios
422 2262 530 2302 mihi
562 2262 753 2302 devotos.
817 2262 962 2302 Mittit
995 2262 1120 2303 vobis
1151 2262 1285 2303 frater
1319 2263 1432 2303 Lau-

32 2328 196 2369 rentius
220 2333 453 2383 quaternos
475 2330 627 2370 matris
649 2330 920 2385 prophetiae,Q
952 2344 1029 2385 pro
1053 2330 1211 2385 quibus
1236 2331 1429 2373 misistis.

8 2584 9 2593 ¹
44 2570 51 2576 ⁵
77 2579 85 2598 ¹
110 2577 278 2619 lacescunt,
297 2580 369 2612 MS.
726 2584 729 2631 1
762 2581 860 2619 word,
880 2581 1215 2619 11“001“1·001,11111311)0
1238 2591 1256 2612 a
1280 2585 1429 2612 contrac-

45 2638 51 2643 '
77 2631 89 2649 ²
111 2631 181 2663 The
196 2643 329 2674 passage
343 2633 453 2664 stands
466 2633 541 2664 thus
560 2646 567 2664 ε
586 2635 604 2650 “
615 2643 695 2673 qem-
726 2643 728 2662 :
760 2633 828 2663 trion
844 2633 896 2664 for
907 2632 1126 2674 philosophice,
1143 2634 1208 2664 and
1225 2632 1427 2673 notprophe-

8 2695 10 2706 ³
35 2690 134 2718 ternos
162 2688 194 2727 fi
227 2688 316 2719 matis
333 2677 438 2730 plsief'
485 2688 557 2719 The
576 2689 697 2719 second
759 2687 819 2717 tice.
866 2686 932 2716 But
957 2691 990 2716 to
1013 2685 1121 2716 whom
1145 2695 1207 2715 can
1224 2685 1278 2715 the
1295 2694 1429 2724 expres-

33 2742 131 2778 word,
147 2732 255 2773 w'l'iich
271 2753 376 2774 seems
399 2748 432 2774 to
448 2743 531 2774 have
546 2744 629 2774 been
645 2742 695 2772 in·
759 2737 829 2768 sion
867 2738 965 2778 apply
982 2738 996 2768 ’Β
1030 2736 1189 2777 Alayz'stl·i
1218 2734 1427 2777 philosophiae

34 2794 149 2825 tended
173 2795 225 2826 for
243 2794 434 2836 filosofflzioe,
460 2794 486 2826 is
503 2795 628 2826 deleted
651 2794 696 2834 by
759 2791 868 2820 would
881 2790 966 2820 refer
982 2794 1015 2820 to
1029 2789 1208 2824 Aristotle;
1226 2788 1337 2817 matris
1348 2798 1427 2827 pro-

35 2844 88 2877 the
124 2847 194 2877 dots
231 2848 446 2879 underneath.
524 2847 597 2877 The
635 2846 697 2876 last
754 2841 872 2882 phetiae
886 2841 991 2882 might
1005 2840 1090 2872 refer
1100 2845 1133 2871 to
1146 2840 1191 2871 St.
1204 2837 1427 2880 Hildegardis.

1454 827 1541 857 cccd.
