1905 3180
389 221 396 257 l
420 221 465 257 [S
871 222 977 252 ADAE
1009 221 1070 250 DE
1100 220 1295 251 MARISCO

381 358 478 385 rum
507 341 738 384 senescallo
768 341 916 380 vestro
951 336 1276 385 committenda,
1311 336 1416 391 quia
1449 335 1561 376 sicut
1597 333 1790 390 expressi

381 414 428 453 in
458 412 620 458 littera,
655 408 852 450 nondum
895 405 1143 447 rationibus
1184 404 1352 446 auditis
1388 402 1654 445 ballivorum
1695 415 1791 443 ves-

382 484 560 527 trorum,
599 477 716 519 idem
749 474 1007 517 senescallus
1041 476 1185 514 vester
1216 486 1285 513 res
1321 474 1489 513 vestras
1522 470 1571 512 in
1608 469 1790 525 singulis

381 546 598 597 maneriis,
635 544 716 586 sub
752 543 880 586 certis
917 556 1131 590 mensura,
1170 554 1353 582 numero
1396 543 1440 581 et
1476 539 1629 595 pretio,
1674 537 1792 593 quod

382 615 488 656 satis
520 614 821 670 importunum
856 625 944 652 esse
967 609 1128 664 judico,
1153 609 1345 664 recepit3
1382 612 1426 649 et
1457 607 1617 649 idcirco
1652 604 1791 661 aliqui

382 682 506 738 quasi
532 681 652 723 nacti
682 679 1061 736 opportunitatem
1090 677 1137 717 in
1160 677 1264 718 locis
1289 675 1488 732 pluribus
1515 673 1792 730 dissipationi

381 749 691 797 inserviebam,
717 752 761 789 et
790 750 842 788 ut
871 747 1066 795 timetur,
1090 745 1348 786 inserviunt.
1412 743 1467 784 In
1495 742 1653 785 rotulis
1685 755 1791 797 quos

382 833 513 874 penes
544 831 624 858 vos
655 815 826 857 habetis
858 815 911 856 de
947 812 1262 869 temporalibus
1303 811 1461 854 vestris
1490 810 1673 866 provide
1704 808 1793 851 fao-

382 891 479 927 tum
514 899 603 927 esse
640 883 821 939 gaudeo,
853 881 1103 923 desiderans
1137 881 1325 929 omnino,
1356 881 1408 920 ut
1440 893 1554 920 unus
1578 893 1656 935 per
1677 877 1794 919 solli—

383 953 625 996 citudinem
677 951 875 992 fidelium
929 952 973 990 et
1025 948 1311 1005 prudentium
1360 947 1617 989 conficiatur
1664 959 1793 1002 super

383 1021 585 1063 omnibus
632 1019 836 1069 servitiis,
883 1016 1286 1067 consuetudinibus,
1336 1014 1562 1071 homagiis,
1602 1014 1790 1070 juribUS,

384 1090 523 1140 terris,
561 1087 812 1130 redditibus
857 1089 901 1127 et
949 1085 1283 1141 quibuscunque
1336 1083 1639 1140 proventibus,
1682 1085 1793 1124 tem-

384 1158 551 1213 poralia
587 1159 736 1197 vestra
775 1153 1119 1210 respicientibus,
1155 1153 1267 1194 sicut
1303 1166 1620 1207 nonnunquam
1664 1164 1795 1207 super

385 1227 465 1268 hoc
516 1225 742 1266 vobiscum
794 1223 973 1264 habitus
1019 1225 1084 1263 est
1126 1235 1277 1262 sermo.
1357 1220 1546 1262 Utinam
1591 1218 1794 1260 dominus

385 1295 485 1335 Joh.
521 1293 573 1334 de
604 1292 821 1334 Crakhale
853 1294 898 1332 et
932 1291 980 1331 R.
1021 1290 1072 1331 (16
1112 1288 1351 1331 Hesthale¹
1387 1288 1505 1342 quod
1535 1287 1794 1343 inceperunt

385 1363 439 1403 de
470 1360 712 1402 ratiociniis
743 1359 1023 1415 perfecissent
1052 1358 1145 1399 sine
1177 1371 1311 1399 morae
1334 1356 1572 1412 dispendio.

446 1429 518 1470 Ab
561 1443 610 1470 eo
643 1429 759 1483 quod
791 1428 936 1468 visum
979 1429 1044 1467 est
1088 1426 1141 1466 de
1178 1425 1466 1466 honoratione
1498 1423 1682 1480 virginis
1723 1423 1796 1465 de-

385 1497 643 1553 sponsandae
675 1495 875 1537 discretis
907 1508 1013 1549 quos
1058 1493 1339 1535 consuluistis
1382 1507 1459 1548 ego
1501 1506 1590 1533 non
1630 1491 1793 1533 recedo.

388 1566 499 1606 Mihi
547 1564 792 1606 consultum
841 1563 954 1604 foret
987 1561 1099 1603 sicut
1144 1561 1274 1602 video
1327 1560 1383 1601 ad
1426 1560 1619 1615 quietem
1650 1573 1797 1616 corpo-

385 1634 521 1675 ralem
553 1636 597 1674 et
628 1631 865 1673 mentalem
897 1630 1173 1671 vacationem
1206 1632 1258 1670 ut
1292 1629 1337 1669 in
1370 1628 1558 1670 instanti
1588 1627 1797 1669 natalicio

388 1701 568 1743 Domini
600 1701 648 1742 in
679 1699 880 1756 partibus
911 1698 1095 1740 Oxoniae
1129 1711 1411 1739 remanerem.
1476 1696 1604 1747 Quod
1634 1696 1671 1738 si
1701 1695 1796 1737 fieri

387 1768 679 1810 dominationi
711 1770 871 1809 vestrae
903 1781 991 1808 non
1021 1765 1283 1820 displiceret,
1316 1768 1513 1821 optarem
1544 1764 1656 1805 illud
1686 1764 1797 1805 mihi

386 1836 626 1887 insinuari3
659 1836 726 1876 sin
768 1838 927 1883 autem,
966 1834 1144 1889 indigeo
1176 1832 1298 1874 mitti
1329 1832 1573 1874 evectiones
1603 1836 1654 1874 ut
1685 1832 1797 1874 feria

387 1906 541 1960 quinta
572 1904 774 1960 proxima
806 1906 908 1944 ante
953 1901 1068 1943 diem
1112 1900 1383 1943 Nativitatis
1413 1915 1564 1943 versus
1595 1915 1673 1943 vos
1709 1901 1796 1943 iter

387 1973 577 2028 arripere
625 1972 806 2013 valeam.
904 1970 1074 2012 Bonum
1123 1973 1190 2011 est
1241 1970 1357 2025 quod
1408 1969 1603 2011 litteram
1652 1984 1795 2011 meam

388 2056 464 2096 per
516 2054 696 2081 manum
745 2038 947 2094 magistri
997 2037 1225 2079 Willielmi
1272 2037 1416 2079 clerici
1463 2037 1631 2079 domini
1684 2037 1797 2080 Can-

388 2108 621 2149 mariensis
660 2106 926 2161 recepistis.2
1001 2105 1177 2146 Nollem
1231 2105 1350 2147 enim
1395 2108 1448 2147 ut
1478 2105 1627 2161 aliqua
1658 2105 1796 2162 ipsius

389 2178 596 2217 contenta
627 2174 682 2215 ad
715 2175 901 2215 aliorum
933 2174 1229 2229 praevenirent
1261 2173 1480 2215 notitiam.

448 2243 581 2284 Absit
622 2245 674 2283 ut
716 2242 763 2282 in
810 2244 1025 2282 aeternum
1058 2240 1215 2282 fratres
1253 2241 1379 2283 vobis
1424 2256 1512 2283 non
1544 2242 1634 2283 sint
1665 2242 1797 2284 devo-

389 2311 555 2352 tissime
587 2309 783 2364 subjecti,
829 2309 904 2364 qui
946 2309 1153 2349 solatium
1184 2309 1334 2350 fratris
1366 2309 1436 2350 W.
1470 2309 1523 2351 de
1565 2309 1799 2365 Pokeh‘ng-

390 2377 495 2420 tunss
526 2378 652 2419 vobis
680 2391 769 2418 non
799 2377 1085 2432 denegarunt,
1119 2377 1193 2417 sed
1226 2377 1494 2418 distulerunt
1525 2377 1797 2432 personalem

391 2447 483 2501 ejus
525 2459 738 2486 accessum
783 2444 840 2485 ad
880 2458 974 2493 vos,
1027 2446 1204 2499 propter
1255 2458 1344 2485 suae
1387 2444 1609 2499 religionis
1660 2445 1796 2487 incre-

437 2616 443 2633 ¹
461 2614 508 2646 Or
530 2614 656 2645 Robert
679 2614 719 2644 de
751 2613 916 2644 Easthale.
991 2612 1063 2645 One
1092 2619 1096 2650 f
1171 2612 1183 2630 ²
1201 2611 1262 2644 See
1278 2622 1308 2653 p.
1325 2615 1396 2643 108.

391 2667 429 2699 of
447 2666 512 2698 this
528 2675 624 2697 name
652 2665 730 2695 held
754 2675 773 2696 a
794 2665 940 2705 prebend
962 2664 997 2695 in
1014 2664 1060 2696 St.
1091 2653 1093 2720 J

391 2719 512 2756 Paul’s,
536 2718 686 2754 London,
710 2717 745 2748 in
772 2720 866 2755 1262,
900 2718 964 2748 and
995 2727 1062 2748 was
1092 2725 1093 2730 ¹
1169 2715 1392 2759 ³P0keli9tan,
1419 2717 1492 2749 MS.

391 2770 459 2800 also
476 2768 696 2799 Archdeacon
713 2766 750 2797 of
763 2766 961 2797 XVorcester.
999 2766 1061 2799 see

391 2821 495 2863 Epist.
513 2820 606 2852 CIX.
626 2819 774 2852 CXVII.
799 2819 908 2852 CXX.
1089 2842 1091 2861 k
