1905 3180
204 398 284 430 AD

171 425 330 476 1225-5'20.

370 260 424 302 26
786 270 967 302 rHoMAs
998 271 1060 302 DE
1092 272 1354 303 ECCLEsToN.

369 381 507 423 millia
548 382 745 423 fratrum.
829 381 987 424 Frater
1028 396 1131 424 vero
1173 397 1275 424 suus
1317 383 1555 425 seeundum
1597 399 1770 426 carnem

367 450 453 492 fuit
506 450 790 492 seneschallus
843 449 1036 507 capituli,
1101 454 1146 493 et
1199 451 1416 494 descindit
1476 452 1654 494 domum
1715 468 1771 495 ex

366 522 490 576 parte
521 518 860 561 communitatis.

426 588 509 629 Per
538 587 684 644 ipsum
715 586 887 643 scripsit
919 586 1106 630 Sanctus
1139 587 1392 631 Francisous
1426 588 1602 645 propria
1634 603 1769 632 manu

363 655 537 698 literam
573 655 654 697 sub
697 655 799 698 divo
841 655 888 696 in
932 656 1084 712 pluvia
1118 671 1207 698 non
1244 656 1524 709 madefactus,
1567 657 1768 700 ministro

364 728 408 766 et
439 724 648 766 fratribus
681 723 889 776 Franciae,
921 727 972 766 ut
1004 724 1110 766 visis
1152 724 1291 767 literis
1317 725 1564 780 jubilarent
1604 726 1768 769 divinae

363 793 585 845 Trinium,
628 793 833 845 dicentes,
882 798 904 815 ‘⁶
926 793 1241 835 Benedieamus
1283 793 1459 836 Patrem
1510 797 1555 835 et
1602 794 1765 836 Filium

362 876 459 903 eum
492 861 660 917 Spiritu
702 859 906 903 Sancto.'’
959 861 1125 904 Eodem
1162 873 1335 918 quoque
1378 862 1449 904 die
1489 866 1615 918 pater
1650 863 1765 905 idem

361 931 540 972 fratrem
593 930 811 985 quendam
856 929 970 986 [qui]
1025 930 1072 971 in
1116 935 1297 986 puteum
1346 930 1613 987 profundum
1660 932 1765 973 oeci-

362 999 498 1051 demt,
541 999 711 1054 fugiens
753 998 906 1040 audito
953 1013 1125 1040 rumore
1172 999 1219 1040 in
1263 999 1496 1051 ecelesiam,
1542 999 1637 1041 fusa
1668 1015 1764 1042 ora-

362 1068 480 1109 tione
531 1067 715 1109 illaesum
768 1066 976 1108 servavit.
1056 1067 1187 1109 Dixit
1229 1082 1401 1123 quoque
1459 1068 1576 1123 quod
1631 1068 1766 1110 frater

360 1136 548 1191 quidam,
585 1135 661 1191 qui
703 1135 829 1176 stetit
870 1134 919 1175 in
960 1135 1157 1177 oratione
1200 1135 1363 1178 Brixia}
1400 1135 1448 1176 in
1490 1136 1573 1177 Die
1610 1136 1764 1178 Natali

361 1205 541 1246 Domini
577 1204 624 1245 in
666 1207 853 1246 tremore
889 1219 1015 1259 quem
1048 1203 1311 1260 praedixerat
1345 1203 1533 1246 Sanctus
1565 1204 1601 1245 F
1604 1204 1766 1247 rancis„

360 1288 447 1323 cus,
490 1276 534 1314 et
573 1287 651 1329 per
695 1286 844 1314 omnes
886 1272 1052 1314 scholas
1094 1273 1303 1314 Bononiae
1344 1287 1420 1328 per
1461 1272 1615 1314 fratres
1656 1287 1764 1329 prae-

360 1341 495 1382 dicari
548 1341 720 1393 fecerat,
786 1355 862 1396 per
913 1341 1085 1382 literam
1144 1340 1191 1382 in
1243 1356 1329 1396 qua
1379 1340 1465 1382 fuit
1522 1341 1761 1397 plurimum

362 1410 581 1461 Latinum,
647 1413 692 1450 et
743 1408 918 1451 ecclesia
979 1409 1155 1460 corruit,
1210 1409 1265 1450 ob
1327 1409 1501 1450 ruinam
1552 1409 1761 1465 lapidum,

358 1478 517 1520 illaesus
558 1478 765 1519 inventus
807 1480 883 1519 est.
947 1477 1034 1519 Hic
1064 1480 1191 1519 terrae
1233 1480 1379 1519 motus
1421 1480 1523 1518 ante
1559 1492 1761 1533 guerram

359 1546 576 1588 Frederiei
626 1561 703 1602 per
755 1545 986 1587 continuos
1038 1545 1095 1586 xl.
1139 1545 1230 1587 (lies
1282 1545 1422 1587 faetus
1474 1549 1551 1598 est,
1603 1546 1670 1588 ita
1710 1553 1761 1589 ut

356 1617 636 1656 moverentur
677 1628 826 1655 omnes
866 1616 1037 1655 montes
1079 1613 1366 1655 Lumbardiae.

415 1682 551 1725 Venit
588 1696 759 1737 quoque
795 1681 844 1723 in
879 1681 1088 1738 Angliam
1126 1681 1282 1724 Frater
1320 1682 1476 1724 Petrus
1519 1681 1756 1739 Hispanus,

355 1750 431 1806 qui
471 1750 555 1792 fuit
608 1754 758 1806 postea
808 1746 1045 1805 gai-dianus
1094 1750 1137 1791 N
1142 1750 1445 1802 orthamtonae,
1498 1751 1573 1806 qui
1624 1752 1759 1793 lorica

354 1819 560 1861 utebatur
591 1819 646 1860 ob
679 1818 819 1860 carnis
850 1817 1072 1860 illecebras
1104 1818 1379 1860 edomandas.

414 1886 501 1928 Hic
554 1886 776 1928 novicium
829 1886 1048 1942 quendam
1102 1886 1151 1927 in
1196 1890 1417 1929 conventu
1464 1901 1541 1929 suo
1586 1886 1755 1940 habuit,

353 1955 430 2011 qui
469 1954 775 2011 temptabatur
816 1954 937 1997 exire
979 1954 1203 1997 ordinem:
1259 1970 1285 1996 a
1326 1970 1413 2011 quo
1456 1955 1535 1996 vix
1576 1956 1755 1997 tandem

353 2023 549 2066 obtinuit
590 2027 643 2065 ut
694 2023 750 2065 ad
792 2023 1048 2065 ministrum
1099 2038 1244 2066 secum
1296 2022 1361 2065 ire
1411 2023 1559 2065 vellet.
1643 2023 1754 2066 Cum

352 2091 488 2147 igitur
545 2092 796 2133 incederent
857 2106 934 2147 per
986 2092 1105 2133 viam
1166 2091 1330 2147 incepit
1382 2091 1537 2133 Frater
1599 2090 1755 2134 Petrus

353 2160 585 2214 praedicare
628 2160 668 2201 ei
711 2160 764 2201 de
804 2159 973 2202 virtute
1015 2163 1178 2202 sanotae
1219 2159 1515 2211 obedientiae3
1568 2163 1613 2202 et
1662 2175 1755 2202 ecee

353 2227 450 2269 avis·
479 2227 677 2283 quaedam
700 2227 911 2270 silvestris
940 2229 1158 2284 praecessit
1184 2243 1255 2270 eos
1280 2227 1554 2270 ambulantes
1591 2228 1638 2269 in
1666 2228 1752 2270 via.

356 2293 486 2338 Dixit
529 2311 628 2353 ergo
679 2296 890 2349 novicius,
943 2297 1192 2353 Stephanus
1243 2297 1433 2349 nomine,
1475 2296 1532 2337 ad
1573 2296 1754 2338 fratrem

353 2363 544 2416 Petrum,
599 2368 623 2386 ‘⁶
645 2364 787 2417 Pater,
840 2365 877 2407 si
928 2365 989 2407 sio
1040 2368 1116 2415 est,
1168 2368 1221 2407 ut
1273 2364 1390 2417 dicisg
1436 2363 1625 2420 ‘praecipe
1676 2379 1754 2420 per

354 2436 376 2454 “
408 2431 619 2474 virtutem
662 2432 921 2476 obedientiae
966 2437 1018 2475 ut
1059 2433 1229 2489 capiam
1271 2444 1398 2475 avem
1439 2432 1552 2473 hanc
1603 2432 1752 2475 silves-

354 2504 375 2522 “
406 2504 530 2552 trem,
574 2504 624 2542 ut
660 2501 755 2557 ipsa
797 2504 998 2559 expectet
1039 2500 1148 2543 me.''
1212 2501 1299 2553 Qui
1335 2515 1433 2543 cum
1475 2500 1536 2542 sic
1566 2499 1750 2552 fecisset,

352 2569 503 2610 statim
536 2567 661 2611 stetit
695 2569 800 2623 avis,
844 2573 889 2612 et
929 2570 1108 2612 accessit
1140 2570 1347 2620 novicius,
1391 2572 1436 2611 et
1476 2568 1622 2610 tenuit
1653 2583 1750 2610 eam

351 2639 396 2678 et
426 2637 638 2679 tractavit
669 2637 780 2680 sieut
811 2638 981 2679 voluit:
1036 2641 1080 2679 et
1122 2637 1275 2679 statim
1317 2637 1469 2679 sedata
1511 2640 1576 2678 est
1609 2636 1750 2678 omnis

349 2703 582 2760 temptatio
625 2720 717 2756 sua,
758 2709 813 2751 ,et
854 2706 1109 2748 immutavit
1152 2705 1191 2747 ei
1238 2706 1357 2747 Deus
1409 2719 1481 2747 cor
1531 2704 1663 2755 aliud,
1706 2707 1750 2746 et

347 2773 478 2814 rediit
529 2773 680 2815 statim
722 2773 765 2815 N
770 2775 1104 2826 orthamt011am‚
1157 2776 1200 2815 et
1241 2772 1454 2829 professus
1495 2775 1560 2814 est
1607 2786 1751 2827 perse-

347 2855 509 2893 verare,
544 2844 588 2882 et
619 2844 767 2898 postea
807 2843 946 2885 factus
987 2845 1053 2885 est
1093 2841 1351 2898 praedicator
1388 2840 1597 2897 egregius,
1636 2839 1749 2882 sicut

347 2909 438 2965 ipse
479 2908 586 2951 vidi.
1036 2899 1052 2910 ’
