1905 3180
417 263 500 304 612
936 270 1171 300 APPENDIX
1213 270 1294 299 XII.

414 400 435 414 “
468 393 528 434 eis
562 393 719 434 exinde
750 393 1082 434 subventionem
1132 393 1186 434 ad
1228 392 1376 433 debita
1427 390 1676 432 monasterii
1708 389 1812 430 rele-

413 467 433 481 “
467 461 621 510 vanda,
676 464 720 501 et
762 461 813 501 de
875 461 1018 515 gratia
1068 475 1146 502 sua
1196 460 1424 515 provideat
1477 460 1592 500 dicto
1637 458 1812 500 domino

414 534 434 550 “
469 528 703 569 willielmo
757 529 809 569 de
854 528 1057 569 Taunton
1101 528 1146 568 in
1190 527 1453 583 competenti
1497 525 1812 568 sustentatione

413 599 435 617 ‘'‘
467 596 520 637 de
564 595 691 637 bonis
734 596 869 651 ipsius
915 597 1131 651 prioratus
1148 612 1157 647 ;
1204 599 1248 636 et
1295 595 1412 650 quod
1456 594 1567 636 circa
1608 593 1811 635 reforma-

409 668 429 683 “
463 663 627 704 tionem
668 663 918 705 monasterii
968 678 1114 704 curam
1161 663 1367 704 adhibeat
1410 662 1674 718 diligentem,
1719 664 1811 723 tam

409 737 430 751 ‘⁶
464 731 510 771 in
552 731 850 786 spiritualibus
897 745 1027 786 quam
1074 730 1396 786 temporalibus,
1430 730 1477 770 in
1517 730 1657 786 priore
1689 732 1734 770 et
1764 729 1810 768 in

410 804 431 819 “
464 798 696 848 monachis,
751 799 806 839 ad
843 799 1049 840 honorem
1093 799 1174 839 Dei
1220 802 1263 840 et
1316 798 1501 839 salutem
1553 797 1807 847 animarum,

411 872 431 887 “
464 881 562 907 cum
614 882 665 907 ea
711 881 798 922 qua
856 866 949 908 fieri
1001 870 1145 922 potest
1192 866 1440 916 celeritate3
1502 869 1546 906 et
1590 865 1706 920 quod
1758 865 1810 905 de

409 940 431 954 “
464 934 714 989 coquinario
747 934 873 976 celeri
922 935 1138 977 serviente
1179 934 1428 976 infirmariae
1464 932 1543 975 fiat
1584 931 1810 987 inquisitio

408 1007 430 1022 “
463 1016 539 1056 per
589 1001 707 1042 viros
743 1002 948 1043 discretos
995 1003 1139 1044 neutri
1187 1001 1302 1057 parti
1339 1004 1569 1057 suspectos,
1623 999 1810 1055 qualiter

408 1074 428 1089 “
462 1069 805 1124 praecedentibus
844 1070 1114 1126 temporibus
1155 1070 1241 1111 fuit
1281 1069 1571 1119 observatum,
1605 1072 1648 1110 et
1679 1071 1808 1123 prout

407 1143 428 1156 “
462 1151 537 1192 per
567 1136 895 1191 inquisitionem
922 1138 1152 1187 invenerit,
1174 1137 1335 1180 futuris
1366 1137 1635 1193 temporibus
1666 1136 1808 1177 obser-

406 1210 426 1225 “
460 1208 599 1255 vetur,
634 1208 678 1246 et
708 1205 856 1247 literas
902 1220 1002 1247 suas
1046 1209 1245 1261 patentes
1288 1205 1494 1247 concedat
1538 1205 1698 1246 eisdem
1729 1218 1807 1260 pro

405 1278 425 1293 “
459 1286 502 1313 se
534 1276 578 1314 et
610 1272 709 1323 suis,
733 1287 810 1314 nec
841 1274 932 1328 ipse
963 1288 1042 1315 nec
1073 1274 1292 1315 auditores
1325 1272 1518 1329 computi
1550 1272 1717 1328 aliquid
1753 1271 1809 1313 ad

405 1346 426 1361 “
460 1354 568 1395 opus
609 1355 735 1381 suum
767 1341 990 1397 recipiant.
1066 1341 1125 1383 Et
1155 1341 1309 1396 siquod
1340 1342 1560 1383 residuum
1592 1340 1725 1382 fuerit
1761 1340 1807 1380 in

405 1414 426 1428 “
459 1422 562 1450 usus
612 1409 865 1450 monasterii
914 1413 1194 1451 convertatur
1239 1424 1315 1465 per
1361 1424 1516 1451 manus
1559 1407 1806 1450 officialium

404 1484 424 1498 “
459 1476 651 1532 ejusdem
680 1479 940 1530 monasterii,
973 1479 1026 1521 (le
1058 1480 1236 1522 consilio
1267 1484 1312 1522 et
1343 1494 1550 1522 consensu
1578 1479 1732 1536 prioris
1763 1482 1807 1521 et

404 1550 425 1566 “
458 1549 706 1587 conventus.
791 1547 850 1588 Et
895 1562 999 1603 pace
1045 1548 1161 1589 inter
1191 1562 1262 1589 eos
1303 1548 1452 1590 taliter
1482 1547 1727 1597 reformata,
1762 1550 1807 1589 et

405 1616 429 1634 “
460 1613 577 1654 omni
625 1614 808 1655 materia
854 1615 1079 1657 discordiae
1127 1616 1324 1657 totaliter
1364 1616 1516 1672 sopita,
1550 1616 1666 1657 dicto
1708 1630 1804 1658 con-

403 1684 426 1702 “
457 1681 610 1722 ventui
652 1686 697 1723 et
748 1682 930 1738 singulis
977 1684 1029 1725 de
1071 1688 1288 1725 conventu
1329 1699 1561 1736 rancorem,
1595 1686 1632 1727 si
1675 1700 1803 1741 quem

403 1748 648 1790 “habebat
710 1753 862 1791 contra
925 1764 1006 1800 eos,
1055 1752 1110 1792 ad
1183 1752 1325 1793 oscula
1379 1753 1498 1809 pacis
1555 1753 1804 1810 benigniter

402 1821 423 1837 “
456 1817 626 1872 recepit.

463 1889 484 1905 ‘⁶
518 1883 626 1926 Haec
671 1885 817 1926 omnia
866 1889 964 1928 acta
1015 1892 1117 1929 sunt
1169 1902 1311 1930 coram
1365 1891 1488 1932 nobis
1539 1891 1695 1933 ultimo
1732 1892 1801 1934 die

401 1955 421 1971 ‘¹
457 1950 576 2002 Maii,
620 1966 734 1993 anuo
780 1953 959 1994 Domini
1000 1965 1190 1997 MCOLVI.
1285 1957 1340 1998 In
1381 1972 1566 2013 quorum
1607 1960 1801 2002 omnium

402 2024 421 2039 “
455 2018 585 2060 fidem
629 2024 673 2061 et
725 2020 1025 2064 testimonium
1060 2024 1348 2078 praesentibus
1380 2026 1571 2082 sigillum
1601 2031 1800 2071 nostrum

400 2092 420 2106 “
453 2087 768 2142 apposuimus.''

459 2177 552 2218 Nos
597 2192 701 2220 vero
751 2179 993 2222 utilitatem
1046 2182 1233 2226 ecelesiae
1277 2186 1563 2237 attendentes,
1607 2192 1651 2230 et
1681 2192 1798 2230 tran-

400 2244 664 2298 quillitatem
716 2245 910 2300 ejusdem
956 2264 1034 2304 pro
1067 2251 1233 2293 viribus
1273 2253 1593 2309 amplectentes,
1637 2256 1797 2298 dictam

398 2326 545 2367 pacem
577 2313 923 2368 approbavimus,
957 2321 1001 2358 et
1032 2318 1087 2359 ad
1118 2319 1371 2362 instantiam
1394 2321 1499 2363 dicti
1519 2323 1667 2364 fratris
1688 2324 1799 2366 Adae

397 2382 441 2420 et
504 2381 759 2434 petitionem
823 2384 1026 2438 partium,
1090 2386 1279 2442 sigillum
1340 2393 1536 2431 nostrum
1593 2392 1796 2447 praesenti

396 2446 621 2501 scripturae
652 2449 813 2504 apponi
844 2450 1020 2492 fecimus
1051 2453 1096 2493 in
1128 2455 1427 2498 testimonium
1464 2458 1676 2509 veritatis,
1709 2474 1797 2501 una

395 2527 492 2554 cum
525 2515 667 2570 sigillo
697 2516 802 2558 dicti
835 2523 1083 2560 conventus.

454 2580 580 2623 Teste
613 2597 724 2639 rege,
758 2585 872 2640 apud
907 2585 1100 2629 Winton.
1126 2590 1246 2630 xxvi.
1279 2591 1348 2633 (lie
1379 2592 1517 2636 Junii.

1144 2671 1353 2727 Prynne's
1388 2674 1587 2724 Records,
1621 2676 1661 2719 ii.
1696 2679 1790 2719 852.
