1905 3180
675 238 909 268 EPISTOLAE.
1411 227 1431 265 1
1441 227 1460 265 1
1469 226 1493 266 9

88 361 297 407 mentum,
358 359 434 414 qui
488 374 628 415 nuper
663 359 850 402 Oxoniae
894 359 1035 416 primo
1078 359 1359 415 professionis
1407 373 1496 401 suae

86 440 248 476 vocem,
302 429 354 468 ut
407 427 540 469 moris
587 431 664 479 est,
711 429 995 484 solempniter
1037 427 1193 469 emisit.
1258 428 1363 469 Non
1405 427 1497 468 sine

87 508 246 551 magno
277 494 479 550 periculo,
512 495 548 537 si
580 510 699 538 secus
728 496 822 537 fieri
853 498 1010 552 posset,
1043 495 1193 537 domui
1226 496 1279 537 de
1312 495 1499 536 Beletun

87 576 176 603 non
218 565 285 603 est
325 563 558 618 provisum.
645 563 1031 606 Oonsultissimum
1072 563 1188 605 foret
1225 566 1277 605 ut
1338 563 1375 603 is
1417 562 1498 604 sub

88 644 174 686 quo
227 630 434 686 dissipata
481 632 641 673 dicitur
682 646 773 674 esse
815 632 982 673 ibidem
1025 631 1191 687 religio,
1239 631 1340 672 inde
1393 631 1499 672 cele-

87 697 196 739 riter
227 702 514 741 amoveretur.
592 699 781 742 Utinam
824 699 1033 756 magister
1064 699 1252 740 Thomas
1296 699 1349 740 de
1392 698 1500 739 Ver—

90 764 192 815 dun,
238 781 336 822 quae
380 767 465 809 Dei
496 770 602 809 sunt
652 768 699 808 in
741 768 805 818 iis,
850 782 948 822 quae
990 769 1278 809 memoratam
1319 766 1499 807 domum

89 834 366 890 contingunt,
401 838 445 876 et
476 836 642 877 caeteris
680 836 880 877 omnibus
922 835 1221 877 ecclesiasticae
1253 835 1501 876 necessitati

89 901 358 951 cedentibus,
408 903 636 945 consilium
685 907 730 945 et
789 903 1005 945 auxilium
1058 903 1294 959 diligenter
1335 902 1502 958 impen-

89 969 200 1022 dat3
243 971 300 1011 ad
340 971 456 1026 quod
497 971 611 1013 forte
658 972 887 1027 expediret
930 975 982 1013 ut
1024 971 1115 1027 ipse
1158 986 1235 1027 per
1276 985 1355 1012 vos
1386 970 1501 1012 bono

92 1038 223 1079 modo
254 1039 498 1081 inducetur.

155 1106 290 1148 Mitto
341 1107 468 1148 vobis
510 1108 724 1149 cartulam
786 1107 1021 1149 abscissam
1086 1107 1137 1150 de
1190 1108 1340 1150 littera
1393 1107 1503 1148 mihi

93 1188 234 1229 nuper
276 1174 534 1216 transmissa
583 1190 609 1216 a
651 1176 838 1231 quodam
882 1175 992 1217 mihi
1028 1174 1247 1223 familiari,
1293 1179 1337 1217 et
1379 1176 1504 1217 vobis

94 1242 392 1293 devotissimo,
438 1243 629 1284 Londini
687 1243 987 1291 commoranti,
1043 1244 1095 1284 de
1148 1244 1293 1285 verbis
1340 1243 1505 1284 habitis

95 1310 143 1350 in
172 1310 430 1352 consistorio
463 1325 608 1352 coram
639 1310 811 1352 officiali
846 1311 1013 1353 domini
1038 1310 1293 1353 Cantuarife
1326 1311 1504 1353 sedente

95 1393 172 1434 pro
215 1378 442 1429 tribunali,
496 1381 548 1419 ut
601 1378 753 1419 videat
804 1382 962 1420 vestrae
1016 1378 1266 1420 sanctitatis
1320 1379 1507 1434 provida

84 1441 357 1487 ‘disertitudo
402 1445 508 1501 quid
551 1447 606 1487 ob
648 1446 948 1501 hujuscemodi
993 1447 1261 1488 occasionem
1315 1447 1387 1503 agi
1435 1448 1506 1489 de-

94 1514 206 1556 beat.
291 1514 453 1555 Valeat
495 1514 782 1556 desideranda
814 1518 974 1557 vestrae
1005 1514 1297 1557 beatitudinis
1335 1515 1504 1557 incolu-

94 1582 228 1623 mitas
258 1581 306 1623 in
339 1581 527 1631 Christo,
562 1586 640 1624 etc.

155 1650 341 1692 Detinui
373 1666 587 1693 cursorem
620 1666 677 1693 ex
710 1666 839 1693 causa
871 1666 948 1707 per
979 1666 1118 1693 unum
1151 1651 1277 1694 diem.

694 1866 913 1907 XXVIII.

367 1999 568 2042 Domino
604 1998 863 2041 Lineolnfise
905 2000 1066 2041 Frater
1102 1999 1222 2041 Adon.

161 2134 387 2177 Mitissimi
443 2133 584 2175 cordis
637 2133 910 2189 propensiori
952 2133 1121 2189 gratiae,
1172 2134 1286 2189 quod
1331 2135 1506 2178 exilita-
1523 2146 1706 2187 Expresses

99 2204 158 2246 tis
199 2217 307 2245 meae
351 2201 668 2257 qualiscunque
702 2201 879 2243 devotio
910 2216 995 2243 non
1047 2201 1218 2252 sufficit,
1253 2203 1502 2255 satisfaciat,
1523 2190 1729 2276 ffisgznffitegy

99 2286 185 2322 oro,
232 2269 560 2312 inaestimabilis
625 2269 868 2311 clementiae
922 2270 1190 2326 sempiterna
1255 2272 1503 2315 retributio.
1524 2284 1655 2312 retreat.

102 2338 400 2382 Contristavit
436 2352 505 2379 me
551 2352 690 2379 sermo
745 2337 1031 2393 sapientialis‚
1064 2353 1193 2394 quem
1231 2343 1362 2382 cartae
1396 2341 1505 2382 mihi

98 2407 367 2450 transmissae
414 2405 643 2448 censuistis
685 2405 978 2457 inserendum,
1024 2420 1119 2448 cum
1165 2421 1214 2449 eo
1247 2408 1364 2463 quod
1406 2409 1504 2450 sub-

92 2476 248 2533 junxit
283 2490 371 2516 non
411 2478 504 2516 tam
546 2478 778 2530 conceptus
819 2473 1022 2516 veritatis
1067 2489 1198 2530 quam
1239 2476 1505 2519 humilitatis

99 2544 309 2595 affectus3
340 2543 615 2599 praemisistis
647 2542 775 2591 enim,
811 2542 900 2583 “Si
932 2557 1087 2584 verum
1120 2547 1196 2592 est,
1229 2545 1346 2599 quod
1376 2560 1504 2588 nemo

103 2619 125 2636 “
157 2613 336 2668 eligeret
357 2611 505 2653 vivere
537 2611 631 2652 sine
660 2610 847 2659 amicis‚”
878 2610 1145 2665 adjicientes,
1180 2616 1318 2653 “cum
1348 2627 1427 2669 ego
1455 2617 1506 2656 ut

102 2687 125 2703 “
156 2681 238 2722 scis
269 2680 362 2721 sine
394 2679 521 2720 amici
554 2679 788 2735 praesentia
809 2679 902 2728 sim⁷
931 2681 1010 2720 aut
1030 2679 1160 2722 homo
1181 2694 1270 2721 non
1291 2695 1399 2733 sum,
1433 2681 1506 2723 sed

103 2754 125 2771 ‘⁶
156 2748 340 2789 brutum
363 2747 540 2802 aliquod
568 2747 825 2802 solivagum,
851 2746 968 2801 quod
1000 2747 1188 2789 solitudo
1210 2749 1405 2800 delectat,
1429 2753 1508 2791 aut

103 2824 125 2838 ‘⁴
157 2815 293 2857 taedet
324 2815 516 2856 animam
554 2829 696 2857 meam
734 2815 841 2857 vitre
888 2814 1033 2857 1neae.''
1096 2815 1224 2858 Certe
1255 2831 1408 2858 verum
1440 2821 1508 2859 est
