1905 3180
189 390 344 424 Minister

194 436 362 468 Generals.

414 247 499 287 534
912 252 1056 284 PRIMA
1088 251 1324 284 FUNDATIO

416 378 587 419 Deinde
607 377 747 418 faetus
773 380 837 417 est
859 376 1082 431 episeopus
1107 374 1350 417 Cardinalis
1367 374 1657 416 Penestrinus.
1705 372 1816 414 Tan-

416 447 513 487 dem
547 449 795 500 assumptus
825 448 889 486 est
923 445 980 485 ad
1013 444 1177 500 apicem
1216 458 1430 484 summam
1463 442 1739 498 apostolatUS,
1770 444 1816 484 et

412 515 553 556 dietus
584 518 649 555 est
686 514 729 553 N
733 513 925 554 ieholaus
959 512 1035 553 IV.
1074 513 1307 568 episcopus,
1341 512 1388 551 in
1419 511 1569 552 ordine
1599 510 1816 551 minorum

410 583 585 638 primus.
649 582 736 623 Hie
764 584 904 622 totam
936 580 1147 622 Graeeiam
1178 580 1365 621 adduxit
1396 579 1452 620 ad
1483 579 1614 620 fidem
1645 582 1689 620 et
1717 577 1816 619 obe-

412 651 622 692 dientiam
659 653 820 691 sanetae
843 649 1052 690 Romanae
1079 648 1276 690 ecelesiae.

471 734 511 759 X.
547 719 701 759 Frater
724 718 1003 773 Bonagraeia,
1035 718 1087 758 (16
1108 716 1335 772 provincia
1358 715 1576 764 Bononiae,
1601 714 1677 770 qui
1698 714 1815 756 rexit

411 803 449 828 v.
486 788 639 838 annis,
672 802 758 842 quo
801 790 984 836 mortuo,
1020 786 1140 826 nullo
1176 785 1389 834 trahente,
1428 782 1566 838 major
1607 797 1815 838 campana

411 856 488 897 (1111
529 856 736 911 pulsatur.
1590 908 1592 911 v

470 924 531 965 xi.
568 924 722 965 Frater
742 923 981 964 Aeli‹'›lotus
1011 923 1063 964 (16
1102 922 1247 973 Prato,
1280 922 1487 977 magister
1517 921 1564 961 in
1596 920 1815 976 theologia

410 992 613 1040 Pal-isius,
659 992 711 1033 (16
765 992 989 1047 provincia
1037 991 1213 1040 Tuseize,
1257 990 1343 1031 fuit
1388 990 1446 1030 xi.
1488 989 1726 1046 generalis3
1770 992 1814 1030 et

409 1061 678 1101 ministravit
714 1074 801 1101 uno
839 1073 961 1100 anno.

469 1129 544 1169 xii.
583 1129 738 1169 Frater
771 1128 991 1169 Mathaeus
1013 1128 1065 1169 de
1087 1127 1217 1182 Aqua
1250 1127 1419 1183 Sparta,
1457 1126 1608 1168 doctor
1627 1126 1675 1167 in
1693 1126 1814 1168 theo-

408 1198 522 1252 logia
550 1196 751 1245 Parisius‚
783 1211 832 1237 ao
854 1196 988 1237 lector
1020 1196 1150 1237 euriae
1171 1200 1367 1251 tempore
1390 1195 1572 1236 Martini
1613 1195 1813 1251 episcopi,

407 1266 492 1306 fuit
524 1265 576 1306 (16
610 1265 834 1320 provincia
867 1265 1005 1305 saneti
1045 1264 1261 1305 Francisoi
1296 1268 1338 1305 et
1372 1264 1445 1304 xii.
1480 1263 1703 1319 generalis,
1739 1263 1815 1318 qui

408 1333 677 1374 ministravit
706 1333 748 1374 ii.
797 1333 931 1373 annis.
995 1332 1153 1373 Postea
1194 1331 1334 1373 faetus
1379 1335 1444 1373 est
1480 1331 1732 1373 Portuensis
1768 1335 1813 1373 et

408 1401 595 1443 eeclesiae
619 1400 791 1443 Rufina}
829 1401 1053 1456 episeopus
1087 1401 1328 1442 cardinalis.

466 1470 554 1511 xiii.
590 1470 625 1510 F
628 1473 745 1511 rater
783 1469 1072 1524 Raymundus
1105 1468 1398 1519 Provincialis,
1433 1468 1581 1510 doctor
1614 1467 1663 1509 in
1693 1468 1814 1510 theo-

406 1538 522 1593 logia
565 1537 768 1587 Parisius,
818 1536 903 1578 fuit
950 1537 1041 1577 xiii.
1088 1537 1310 1592 generalis,
1359 1540 1403 1578 et
1449 1536 1718 1579 ministravit
1758 1537 1814 1578 vi.

402 1607 538 1648 annis.

464 1675 553 1716 xiv.
588 1675 742 1715 Frater
789 1674 819 1715 J
824 1674 1014 1716 ohannes
1059 1675 1111 1715 (16
1145 1674 1306 1724 Murro,
1366 1675 1516 1716 doctor
1560 1675 1607 1715 in
1649 1674 1814 1716 theolo-

404 1744 477 1800 gia
530 1743 731 1792 Parisius,
779 1743 832 1783 de
883 1742 1107 1798 provincia
1153 1742 1370 1791 Marehiae,
1419 1743 1507 1784 fuit
1552 1743 1640 1784 xiv.
1686 1757 1814 1799 gene-

404 1812 517 1860 ralis,
562 1814 606 1852 et
649 1811 918 1852 ministravit
961 1811 1034 1852 vii.
1068 1811 1219 1862 annis3
1252 1812 1531 1867 postmodum
1562 1811 1703 1853 factus
1747 1815 1812 1853 est

405 1880 657 1921 Portuensis
689 1885 733 1921 et
765 1883 924 1921 sanctae
961 1879 1133 1921 Rufinae
1178 1880 1401 1936 episcopus
1432 1880 1689 1933 cardinalis3
1737 1880 1811 1935 qui

404 1952 510 1990 tune
543 1949 677 1990 etiam
710 1948 864 1989 extitit
897 1948 1060 1989 ordinis
1091 1949 1229 1989 nostri
1261 1952 1482 2004 protector
1513 1951 1558 1990 et
1590 1952 1810 1990 corrector.

463 2032 536 2059 xv.
570 2017 725 2058 Frater
770 2016 1068 2058 Gundisalvus
1113 2015 1350 2072 Hispanus,
1409 2017 1559 2058 doctor
1600 2017 1649 2057 in
1689 2017 1811 2059 theo—

402 2086 520 2141 logia
562 2085 764 2134 Pafisius,
814 2084 899 2126 fuit
943 2099 1015 2125 Xv.
1079 2084 1303 2141 generalis,
1352 2088 1396 2127 et
1439 2085 1709 2127 ministravit
1751 2086 1809 2127 ix.

402 2154 537 2195 annis.

462 2222 550 2263 xvi.
586 2222 740 2263 Frater
760 2222 1011 2263 Alexander
1042 2222 1096 2263 de
1118 2221 1402 2273 Alexandria,
1431 2223 1581 2264 doctor
1611 2222 1658 2263 in
1689 2222 1809 2265 theo-

401 2290 518 2345 logia
562 2289 764 2339 Parisius,
815 2290 866 2330 de
911 2290 1137 2345 provincia
1182 2290 1212 2331 J
1215 2305 1350 2341 anuae,
1408 2290 1494 2332 fuit
1537 2291 1624 2333 xvi.
1682 2305 1808 2347 gene-

400 2358 514 2410 ralis,
579 2362 623 2399 et
678 2357 947 2399 ministravit
998 2373 1086 2399 uno
1138 2372 1263 2408 anno,
1328 2362 1525 2415 tempore
1572 2359 1808 2402 Clementis

404 2425 536 2481 Papae
568 2425 619 2466 V.

461 2493 566 2534 xvii.
601 2493 756 2534 Frater
779 2493 1004 2535 Michaelis
1039 2495 1091 2536 de
1127 2494 1304 2546 Cesena,
1331 2495 1481 2538 doctor
1511 2496 1559 2536 in
1588 2495 1807 2552 theologia

413 2562 614 2612 Parisius,
660 2562 712 2602 de
729 2561 958 2616 provincia
1014 2562 1238 2613 Bononiae,
1287 2563 1411 2604 xviii.
1429 2563 1442 2586 1
1500 2564 1805 2620 generalisset

403 2629 671 2671 ministravit
704 2630 778 2670 Xii.
812 2630 949 2671 annis.

772 2855 791 2880 ¹⁵
806 2861 888 2893 This
904 2861 931 2894 is
947 2862 1002 2894 the
1018 2861 1218 2904 numbering
1233 2862 1272 2894 of
1290 2862 1344 2895 the
1362 2862 1435 2896 MS.
