1905 3180
200 1180 347 1212 Exhorts

200 1225 267 1255 him
281 1231 313 1255 to
327 1225 401 1256 take

200 1270 314 1300 advice
331 1269 364 1300 in

199 1312 382 1344 difficulties

198 1357 400 1395 ofGrostete,

200 1402 259 1441 Bp.
273 1401 311 1433 os
323 1402 402 1432 Lin-

199 1447 281 1478 coln.

427 263 512 303 224
903 267 1008 298 Am«)
1042 267 1101 298 DE
1133 266 1331 298 MAlnsco

423 388 578 429 mentis
610 385 816 433 veritatis,
854 385 898 425 in
931 384 1138 438 exemplis
1180 383 1432 432 honestatis,
1477 383 1522 424 in
1555 382 1821 426 orationibus

422 456 607 511 pietatis,
641 454 695 494 ab
730 453 782 493 iis
815 452 889 507 qui
922 452 966 492 111
1008 451 1147 492 carnis
1189 451 1475 492 maceratione
1513 455 1557 492 et
1595 466 1821 506 compunc-

422 524 538 565 tione
571 523 718 569 cordis,
751 520 984 561 secundum
1032 520 1248 560 coelestem
1292 519 1624 568 instituthmem,
1669 519 1823 560 salutis

421 594 688 633 sacramenta
719 590 963 644 dispensare
996 602 1083 629 non
1115 590 1289 629 cessant.

1016 758 1226 801 XCVIII.

422 854 696 898 IIonorabz'li
757 854 866 903 viro,
921 852 1009 894 sibi
1070 851 1125 894 ‘in
1190 850 1366 894 Christo
1420 851 1820 903 desideratissimo,

539 924 759 979 mafsz‘stro
805 921 1007 964 Rimmlo
1051 921 1103 962 <le
1145 919 1459 969 Gravesheml)
1499 919 1661 962 Frater
1712 919 1822 962 Λιῖιι

539 992 742 1043 sc‘clute'm,
775 995 814 1032 et
854 989 908 1032 ab
943 993 1105 1032 (eterno
1140 988 1228 1030 Dea
1264 987 1389 1030 Filio
1431 987 1658 1042 spiritum
1700 987 1822 1031 salu-

538 1059 654 1104 taris
686 1058 871 1102 consilii
905 1072 1009 1099 cum
1040 1056 1214 1113 spirita
1247 1055 1413 1098 valide&
1434 1055 1750 1112 fortitudinis,

480 1167 679 1222 Inspecta
712 1165 858 1206 littera
895 1163 1135 1205 dilectionis
1178 1166 1335 1206 vestrae
1372 1161 1480 1202 1111111
1516 1176 1655 1217 nuper
1683 1165 1822 1203 trans-

420 1235 549 1275 missa
595 1238 638 1275 et
685 1233 884 1275 laetitiam
919 1231 1116 1287 praebuit,
1162 1234 1206 1273 et
1247 1229 1428 1286 ingessit
1475 1229 1820 1272 sollicitudinem.

420 1301 587 1357 Nempe
610 1302 770 1343 divinae
799 1299 1037 1341 vocationis
1058 1299 1199 1354 gratia
1220 1298 1475 1348 laetificavit,
1506 1301 1549 1339 et
1572 1297 1822 1340 sollicitavit

419 1370 620 1411 humanae
672 1368 922 1410 calliditatis
975 1367 1268 1408 consideratio.
1355 1365 1440 1408 Sed
1492 1365 1630 1421 quid?
1682 1365 1821 1406 Num-

420 1438 524 1492 quid
565 1437 725 1492 poterit
767 1451 855 1477 esse
899 1435 944 1475 in
985 1435 1064 1476 hac
1106 1437 1228 1490 parte
1264 1433 1517 1475 diffidentiae
1558 1434 1684 1483 locus,
1724 1448 1821 1475 cum

422 1505 570 1560 Ipsum
602 1504 878 1551 attendimus,
903 1502 1022 1557 cujus
1056 1517 1182 1543 nemo
1214 1502 1374 1557 poterit
1405 1501 1630 1543 advertere
1662 1502 1822 1558 cogita-

419 1574 570 1621 tiones,
615 1573 689 1627 qui
740 1571 918 1612 stultam
983 1570 1084 1611 fecit
1145 1570 1404 1624 sapientiam
1461 1569 1590 1624 hujus
1641 1570 1824 1612 mundi?

422 1640 517 1681 Hoc
557 1639 858 1680 indubitanter
898 1652 1032 1694 spero,
1087 1638 1201 1692 quod
1243 1637 1440 1693 quamvis
1482 1652 1558 1693 per
1591 1638 1821 1692 providum

421 1709 580 1749 divinae
632 1706 965 1763 dispensationis
1017 1705 1242 1747 consilium
1304 1705 1619 1760 permittantur
1673 1706 1821 1747 discoli

419 1776 714 1832 temporaliter
758 1789 951 1816 exercere
994 1774 1220 1825 modestos,
1272 1777 1419 1814 tamen
1470 1774 1645 1829 superni
1677 1775 1821 1816 mode-

419 1844 596 1884 raminis
649 1843 860 1884 salvificas
910 1842 1200 1883 ordinationes
1251 1841 1442 1882 finaliter
1487 1856 1575 1882 non
1611 1842 1822 1884 valebunt

419 1912 596 1953 irritare.
662 1911 758 1952 Hoc
791 1914 856 1951 est
888 1910 1025 1966 igitur
1056 1913 1162 1965 puto
1194 1924 1281 1950 non
1312 1913 1404 1951 tam
1434 1914 1680 1951 sanctorum
1714 1912 1822 1952 desi-

420 1980 596 2028 derium,
646 1994 775 2034 quam
820 1978 903 2019 Dei
952 1978 1166 2026 voluntas,
1218 1991 1401 2032 quorum
1430 1982 1474 2019 et
1506 1978 1586 2019 hoc
1630 1982 1674 2020 et
1713 1979 1822 2021 illud

419 2062 687 2103 summopere
724 2050 845 2088 curat
881 2046 1138 2102 perenniter,
1172 2048 1223 2087 ut
1245 2061 1320 2101 per
1351 2046 1543 2087 coelicam
1580 2046 1821 2101 pastionem

421 2116 473 2157 de
506 2116 723 2156 salvandis
755 2115 981 2155 animabus
1013 2129 1195 2170 regnum
1227 2113 1511 2155 beatitudinis
1539 2114 1818 2169 perficiatur3

420 2184 535 2239 quod
565 2183 804 2224 salvificum
847 2197 954 2223 onus
996 2197 1072 2238 per
1112 2182 1231 2237 pium
1273 2185 1489 2237 pastorem
1536 2182 1590 2222 ab
1632 2182 1821 2223 Auctore

421 2251 571 2292 salutis
608 2251 731 2292 vobis
768 2251 1075 2306 imponendum
1117 2250 1366 2291 nullatenus
1403 2253 1633 2300 recusetur,
1673 2253 1718 2291 et
1748 2264 1821 2291 ne-

421 2333 637 2373 quaquam
689 2319 844 2359 animae
906 2318 1002 2367 illae,
1050 2333 1126 2373 pro
1189 2317 1346 2373 quibus
1398 2317 1567 2372 piorum
1629 2318 1821 2373 pavescit

421 2386 586 2435 caritas,
622 2390 778 2427 vestrae
812 2386 1054 2427 sedulitatis
1096 2385 1304 2441 regimine
1348 2385 1652 2435 destituantur,
1692 2400 1821 2441 expo-

422 2454 584 2503 nendae,
620 2454 734 2508 quod
767 2453 906 2494 absit!
941 2454 1051 2495 sicut
1082 2453 1353 2502 formidatur,
1388 2453 1661 2494 devorationi
1690 2454 1821 2495 besti-

422 2537 543 2563 arum
573 2522 675 2577 agri.
739 2521 915 2562 Gaudeo
948 2522 999 2562 de
1032 2522 1266 2577 apostolica
1288 2521 1618 2576 dispensatione,
1643 2525 1693 2563 ut
1714 2536 1818 2572 reor,

422 2590 632 2630 divinitus
664 2604 867 2639 concessa,
892 2589 1012 2643 cujus
1043 2589 1086 2630 in
1116 2590 1263 2631 littera
1293 2588 1561 2639 meministis,
1585 2603 1661 2644 per
1692 2604 1821 2644 quam

422 2657 590 2712 poterit,
625 2656 661 2697 si
693 2657 822 2697 fuerit
858 2657 912 2697 ad
943 2657 1022 2698 hoc
1055 2657 1265 2698 divinitas
1306 2655 1503 2711 propitia,
1537 2656 1593 2696 ad
1624 2657 1821 2712 magnifi-

422 2739 513 2765 cam
561 2723 711 2764 salutis
753 2724 1055 2779 operaticmem,
1100 2728 1190 2765 tam
1232 2724 1327 2765 istis
1361 2724 1411 2764 de
1454 2720 1637 2778 quarum
1679 2724 1823 2779 agitur

951 2875 957 2893 ¹
977 2874 1038 2907 See
1054 2879 1139 2913 note,
1155 2884 1185 2916 p.
1206 2877 1276 2905 185,
