1905 3180
467 248 551 288 268
955 253 1060 284 ADAE
1093 254 1154 284 DE
1185 253 1387 285 MAiusco

462 369 781 425 triumphaliter
837 367 981 424 agitur
1027 367 1074 408 in
1132 366 1338 419 hostibus,
1386 371 1430 409 et
1489 366 1601 409 cives
1656 367 1870 423 sapienter

461 438 768 494 gubernantur.

522 504 726 546 Breviavi
771 502 1007 559 epistolam,
1039 502 1188 545 nolens
1234 502 1348 545 inter
1390 505 1458 545 tot
1502 503 1867 559 perstrepentium

461 587 659 614 curarum
696 571 928 613 varietates
974 571 1150 612 auribus
1192 574 1284 612 tam
1317 571 1617 627 multipliciter
1654 571 1870 627 occupatis

460 640 729 696 importunos
781 653 995 681 sermones
1036 639 1300 694 importare3
1344 639 1479 680 sciens
1521 653 1702 694 quoque,
1755 638 1870 693 quod

460 708 651 749 studiosa
693 711 848 749 vestrae
896 706 1138 748 serenitatis
1182 706 1397 748 industria
1441 721 1495 748 ex
1537 706 1684 762 paucis
1731 706 1870 747 multa

460 776 694 831 prudenter
725 774 925 816 extrahet
956 774 1011 815 ad
1043 775 1236 816 salutem.
1321 773 1418 816 Hoc
1458 778 1632 830 exopto,
1668 773 1747 815 hoc
1798 773 1870 815 ob-

461 847 604 892 testor,
652 843 731 884 hoc
774 857 886 899 rogo,
933 846 982 884 ut
1029 842 1261 885 salutarem
1310 841 1556 883 divinorum
1599 841 1868 897 eloquiormn

459 910 802 960 consolationem,
848 925 902 952 ex
945 910 1161 965 frequenti
1194 910 1420 952 Sacrarum
1453 909 1774 965 Scripturarum
1806 909 1871 950 in-

459 979 683 1033 spectione,
724 978 862 1033 ruptis
904 978 1046 1033 quoad
1076 977 1170 1019 fieri
1214 978 1386 1034 poterit,
1415 978 1648 1020 secundum
1690 976 1870 1018 rationis

459 1046 772 1096 sustinentiam,
807 1046 964 1101 saepius
995 1046 1251 1088 intermissis
1282 1045 1633 1101 perturbantium
1665 1045 1871 1086 sollicitu-

459 1114 608 1155 dinum
630 1114 926 1165 vehementiis‚
949 1114 1073 1155 vobis
1094 1129 1364 1170 summopere
1386 1128 1630 1170 comparare
1652 1113 1870 1155 studeatis.

460 1181 826 1223 Pernecessarium
870 1185 1025 1224 vestrae
1074 1182 1320 1224 discretioni
1370 1181 1461 1223 fore
1505 1185 1622 1237 puto,
1667 1184 1717 1222 ut
1760 1181 1872 1237 capi-

460 1249 552 1290 tula
582 1249 717 1300 xxix„
754 1264 871 1299 xxx„
906 1249 1028 1291 xxxi.
1052 1250 1151 1291 libri
1174 1250 1202 1291 J
1206 1250 1270 1299 ob,
1306 1253 1349 1291 et
1381 1253 1534 1291 caetera
1560 1249 1695 1291 statui
1727 1252 1870 1291 vestro

460 1316 505 1357 in
549 1317 697 1359 eodem
743 1317 853 1359 libro
901 1317 1212 1368 convenientia,
1246 1332 1343 1359 cum
1388 1317 1654 1359 suavissimis
1701 1317 1870 1373 exposi-

461 1384 650 1425 tionibus
683 1385 831 1426 Sancti
873 1385 1078 1441 Gregorii,
1114 1385 1310 1441 diligenti
1339 1385 1554 1434 scrutinio,
1592 1388 1723 1441 prout
1763 1384 1872 1426 divi-

462 1452 580 1493 nitus
614 1453 800 1504 dabitur,
833 1452 1122 1508 frequentetis

242 1527 423 1561 Hadsatis-
525 1519 711 1561 Locutus
752 1524 817 1561 est
856 1520 963 1561 mihi
1011 1521 1209 1561 dominus
1240 1536 1317 1563 rex
1350 1521 1401 1563 de
1433 1520 1547 1563 facto
1592 1524 1752 1572 Vestro,
1784 1519 1870 1576 qui,

241 1572 408 1655 &ldessejn
460 1590 511 1628 ut
561 1588 695 1637 credo,
739 1587 922 1629 libenter
955 1588 1139 1629 consiliis
1183 1589 1337 1630 vestris
1389 1588 1701 1643 adquiesceret,
1735 1589 1870 1644 pluri-

241 1661 295 1692 the
312 1662 417 1694 Earl‘s
463 1668 582 1696 inum
627 1654 679 1695 de
727 1654 980 1710 integritate
1016 1655 1118 1697 fidei
1151 1659 1306 1697 vestrae
1354 1656 1579 1705 confidens,
1629 1656 1664 1697 si
1711 1656 1757 1697 in
1789 1656 1869 1698 hac

241 1705 361 1738 behalf.
464 1725 585 1777 parte
632 1722 772 1778 ipsum
804 1722 1102 1764 favorabiliter
1132 1738 1209 1764 sua
1239 1723 1442 1764 fulcirent
1474 1723 1617 1764 latera.
1700 1723 1874 1766 Allocu-

463 1792 534 1830 tus
577 1804 670 1830 sum
710 1793 754 1831 et
812 1805 889 1845 ego
937 1790 1155 1831 dominam
1207 1791 1400 1846 reginam
1454 1791 1683 1847 diligenter
1743 1807 1870 1848 super

463 1857 644 1912 agendis
669 1857 834 1907 vestris,
869 1872 966 1912 quae
998 1857 1053 1899 ad
1085 1858 1230 1899 omnia
1259 1858 1575 1900 rationabiliter
1607 1862 1651 1900 et
1683 1859 1868 1916 benigne

463 1925 697 1980 respondit,
744 1925 796 1966 de
844 1924 967 1966 vobis
1014 1925 1145 1967 etiam
1177 1940 1380 1982 magnam
1411 1925 1575 1968 habens
1607 1941 1725 1983 spem
1769 1928 1870 1969 sub·

462 1992 686 2034 ventionis.
736 1993 994 2034 Benedictus
1026 1993 1145 2035 Deus
1177 1993 1294 2035 valet
1326 1994 1525 2035 dominus
1557 1994 1792 2037 Lincolniae
1824 1999 1868 2037 et

462 2059 650 2115 insignes
680 2060 803 2102 liberi
835 2061 968 2102 vestri
998 2061 1154 2103 indolis
1185 2062 1357 2104 eximiae
1390 2066 1433 2103 et
1464 2077 1635 2118 magnae
1667 2062 1767 2118 spei,
1815 2063 1867 2105 de

463 2127 530 2168 die
577 2128 623 2168 in
666 2128 778 2170 diem
821 2128 868 2169 in
910 2128 1023 2170 bono
1066 2129 1347 2185 proficientes.
1412 2129 1587 2171 Statum
1632 2130 1764 2186 regni,
1798 2130 1867 2171 cui

464 2194 676 2236 Dominus
733 2196 972 2246 subveniat,
1035 2197 1232 2238 dominus
1294 2197 1323 2238 J
1328 2197 1515 2238 ohannes
1562 2197 1613 2238 de
1657 2197 1700 2238 la
1736 2197 1865 2253 Haye

461 2261 584 2303 vobis
616 2262 766 2304 melius
797 2264 956 2319 poterit
986 2264 1150 2306 referre.
1225 2264 1464 2321 Scripsistis
1495 2264 1603 2305 1111111
1633 2280 1770 2321 nuper
1813 2265 1865 2306 de

461 2330 591 2370 variis
612 2330 809 2385 periculis
830 2331 876 2372 in
898 2332 1076 2373 diversis
1104 2333 1300 2388 partibus
1331 2332 1493 2373 mundo
1525 2332 1862 2374 imminentibus,

461 2397 626 2438 Audita
657 2401 800 2439 autem
833 2403 934 2440 sunt
977 2401 1251 2455 postmodum
1295 2400 1411 2456 apud
1441 2415 1518 2441 nos
1550 2400 1748 2441 omnibus
1790 2400 1865 2442 ho-

460 2465 647 2506 minibus
678 2466 1035 2522 inexl‘sticabiliter
1066 2466 1277 2510 terrifica}

520 2532 674 2574 Valeat
704 2534 968 2578 excellentiae
999 2540 1154 2578 vestrae
1184 2535 1475 2579 desiderabilis
1516 2535 1786 2578 incolumitas
1817 2535 1863 2578 in

464 2599 636 2642 Christo
669 2616 833 2657 semper
865 2607 909 2644 et
939 2603 1189 2646 beatissima
1220 2604 1410 2660 Virgine.

749 2837 755 2859 ¹
784 2839 884 2872 What
900 2840 970 2873 that
985 2849 1074 2873 news
1090 2850 1167 2882 was,
1187 2851 1239 2874 see
1257 2841 1360 2882 Epfsr.
1387 2840 1544 2874 CXLVL
