1905 3180
665 257 897 289 izrlsrcnffl.
1394 248 1408 286 ]
1423 247 1476 287 43

675 396 885 438 XXXIX.

381 505 580 548 Domino
613 505 868 548 Llozcolnicc
899 506 1059 548 Frater
1087 506 1206 547 AcZa.

141 613 293 669 Neque
335 616 399 654 est
440 613 651 655 fortitudo
694 614 849 669 lapidis
892 614 1103 655 fortitudo
1145 615 1299 662 vestra,
1337 627 1474 668 neque
1493 628 1526 659 Is
1543 638 1695 671 vcryur-

82 696 178 723 caro
209 684 355 723 vestra
391 696 488 723 caro
523 697 651 723 fenea.
715 682 942 736 Numquid
986 695 1072 722 non
1115 684 1180 722 est
1213 696 1311 736 ergo
1353 675 1700 750 labortssl'ssffissssufs

82 750 386 805 temperandus
427 750 630 791 litteralis
672 750 806 790 studii
849 750 964 804 quod
1006 748 1307 790 indubitanter
1337 749 1610 793 nostishealth.
1652 729 1673 759 p

82 817 184 873 quia
236 817 393 859 vitales
447 818 624 873 spiritus
674 817 877 858 exhaurit
934 820 978 858 et
1030 820 1232 858 attenuat
1288 817 1475 872 corporis

82 885 396 934 habitudinem,
452 889 680 941 exasperat
725 884 996 926 affectionem
1042 888 1086 926 ct
1136 885 1351 926 rationem
1403 884 1477 925 ob-

81 953 266 994 nubilat.
332 953 379 994 Si
408 956 555 995 tamen
585 954 751 994 ardoris
780 953 939 994 fumosi
967 953 1196 993 flammans
1228 952 1478 994 incendium

80 1024 231 1062 sancta
267 1021 467 1062 discretio
502 1035 590 1062 non
624 1021 817 1075 castiget,
854 1020 975 1061 istud
1016 1024 1123 1075 puto
1166 1034 1254 1061 non
1291 1020 1479 1075 segniter

81 1093 147 1131 est
181 1092 327 1130 mente
361 1089 743 1145 pertractandum:
781 1093 802 1109 ‘⁴
823 1088 943 1140 Quid
976 1088 1079 1129 vino
1110 1087 1336 1137 salubrius,
1371 1090 1478 1128 tem-

83 1164 103 1178 “
135 1160 282 1213 perate
314 1157 484 1208 bibit03
518 1157 708 1211 quidque
741 1156 1026 1211 perniciosius
1059 1155 1094 1195 si
1123 1154 1346 1196 bibentem
1389 1168 1477 1196 non

83 1231 103 1246 ‘¹
135 1224 289 1266 fraenet
310 1224 383 1266 lex
404 1224 711 1265 moderaminis
725 1223 764 1264 2³¹
791 1223 979 1264 Utinam
1005 1223 1256 1264 accenderet
1278 1222 1477 1263 sublimis

81 1293 295 1349 sapientia
331 1292 572 1333 susurrium
612 1290 817 1332 humilis.¹

139 1360 336 1401 Anxium
379 1363 442 1401 est
484 1374 555 1401 cor
595 1373 738 1400 meum
782 1359 897 1413 quod
946 1358 1024 1398 hac
1070 1357 1164 1398 vice
1217 1371 1382 1412 nequeo
1431 1358 1477 1398 in

79 1428 276 1484 pluribus
320 1427 473 1468 salutis
524 1427 721 1482 negotiis,
772 1441 867 1481 quae
911 1428 1116 1481 premunt
1153 1425 1358 1474 animum,
1403 1439 1479 1480 per

79 1498 227 1537 vestra
268 1494 486 1536 sublevari
523 1494 711 1535 consilia.
797 1493 883 1535 Sed
925 1492 1052 1547 hujus
1095 1493 1155 1534 rei
1193 1493 1370 1534 unicum
1413 1496 1478 1534 est

78 1563 318 1604 remedium
360 1565 412 1604 ut
453 1577 550 1603 cum
592 1562 797 1617 urgentia
842 1561 1097 1602 dilationem
1151 1575 1238 1602 non
1292 1561 1478 1603 sustine-

79 1631 156 1680 bit,
190 1630 301 1672 sicut
331 1630 425 1671 fieri
466 1630 595 1681 valet,
638 1644 714 1685 per
756 1629 967 1670 calamum
999 1628 1252 1684 suppleatur
1284 1629 1329 1670 id
1361 1629 1476 1684 quod

79 1699 230 1754 lingua
260 1712 348 1739 non
389 1696 556 1739 sufficit.
620 1697 724 1738 Non
770 1697 861 1737 sine
903 1711 1042 1745 causa,
1082 1697 1318 1738 seeundum
1361 1697 1476 1752 quod

79 1781 209 1822 supra
239 1766 379 1821 tetigi,
418 1780 568 1807 vereor
600 1765 714 1819 quod
747 1765 863 1805 inter
893 1768 985 1805 tam
1018 1779 1207 1819 magnas,
1232 1765 1348 1805 inter
1383 1767 1475 1805 tam

80 1834 353 1888 multiplices,
396 1833 512 1874 inter
552 1836 644 1873 tam
679 1833 901 1883 salutares,
934 1832 1050 1872 inter
1091 1835 1182 1872 tam
1224 1831 1475 1880 laboriosas,

80 1903 195 1943 inter
245 1905 337 1942 tam
388 1900 605 1949 sollicitas,
653 1901 769 1941 inter
809 1902 899 1940 tam
943 1899 1099 1940 anxias
1143 1899 1474 1954 occupationum

80 1973 319 2011 vestrarum
360 1982 518 2016 causas,
562 1982 650 2008 non
692 1968 835 2007 minus
877 1967 1130 2016 insollerter,
1166 1981 1295 2022 quam
1327 1967 1475 2022 insipi-

81 2041 214 2083 enter,
263 2050 391 2091 quam
441 2038 485 2076 et
530 2035 816 2090 impudenter,
870 2034 953 2089 piis
994 2034 1181 2084 auribus,
1230 2035 1353 2089 quasi
1395 2035 1475 2075 sub

80 2104 218 2160 specie
256 2103 512 2151 sedulitatis,
550 2102 710 2143 nin1is‘2
745 2103 1015 2157 importunas
1047 2103 1239 2157 ingeram
1270 2102 1474 2143 vocifera-

80 2173 232 2213 tiones
296 2171 482 2212 Utinam
506 2174 607 2211 ante
630 2184 840 2211 recessum
869 2172 1064 2210 vestrum
1094 2169 1297 2224 spiritum
1329 2184 1472 2210 meum

81 2240 232 2280 littera
263 2237 446 2294 parvula
479 2237 734 2279 consoletur.

737 2401 825 2442 XL.

356 2505 556 2550 Domino
587 2504 844 2548 Lsmoolmoe
867 2505 1027 2547 Frater
1059 2504 1177 2547 Ada.

137 2612 296 2653 Fateor
327 2611 441 2666 quod
462 2613 617 2652 vestrae
642 2609 820 2665 pietatis
852 2608 1010 2650 litterae
1042 2608 1174 2650 anxia
1204 2609 1467 2664 gravamina,
1487 2605 1671 2693 gifgffilizyg

78 2695 206 2736 super
251 2679 473 2735 spinarum
526 2678 724 2726 sarcinas,
773 2676 889 2718 cordi
942 2676 1101 2732 pavido
1157 2677 1467 2732 imposuerunt,
1485 2694 1522 2725 fit
1538 2695 1667 2737 clergy-

1487 2748 1573 2772 men.

128 2850 135 2867 ¹
162 2847 319 2892 Sicg-MS.
799 2844 804 2887 l
869 2845 881 2863 ²²
897 2844 1007 2881 minus,
1025 2843 1097 2877 MS,
