1905 3180
242 2372 447 2413 Arguments

241 2415 272 2446 in
290 2417 331 2448 its
347 2417 396 2450 fa-

243 2470 336 2492 vour.

469 277 553 315 4:34
954 281 1059 310 ADAE
1092 280 1152 309 DE
1183 278 1378 309 MAmsco

470 411 513 448 et
550 410 600 447 ut
637 407 695 447 sit
729 406 785 446 ad
818 419 955 445 unum
989 404 1141 453 dicere,
1164 402 1257 443 haec
1286 404 1352 443 est
1383 416 1460 456 per
1488 415 1619 456 quam
1651 399 1864 450 Christus,

471 475 554 515 Dei
596 474 745 523 virtus,
791 473 875 513 Dei
917 471 1142 527 sapientia,
1182 469 1266 510 Dei
1298 469 1584 510 sanctificatio
1616 468 1866 524 puritatem,

470 542 724 591 claritatem,
767 540 1047 581 sanctitatem
1089 538 1144 578 ab
1187 538 1354 593 origine
1395 537 1549 577 mundi
1589 535 1869 577 universitati

471 609 703 650 mundanae
724 607 1000 664 praerogavit.
1048 606 1158 648 Haec
1178 605 1337 646 idcirco
1359 609 1425 646 est
1445 619 1522 660 per
1543 618 1673 659 quam
1695 603 1868 644 ruinam

470 677 706 718 humanam
743 675 974 731 reparavit,
1007 673 1219 714 mundum
1245 677 1469 714 terrenum
1499 671 1765 722 reformavit,
1805 685 1870 711 or-

470 745 571 787 bem
606 745 842 786 aethereum
879 742 1140 792 melioravit,
1171 741 1365 797 angelica
1398 741 1559 782 damna
1589 739 1869 788 restauravit,

471 813 655 868 gloriam
678 812 898 853 coelestem
920 809 1196 860 sublimavit,
1219 813 1263 850 et
1295 809 1548 849 universum
1570 807 1653 849 Dei
1683 820 1867 862 regnum

473 879 799 921 consummavit.
865 878 973 929 Quis
1004 877 1150 932 igitur,
1189 877 1265 932 qui
1299 880 1393 918 toto
1425 876 1562 927 corde,
1584 879 1680 916 tota
1712 875 1869 922 anima,

472 951 568 989 tota
602 947 782 996 virtute,
815 946 896 986 hoc
930 948 996 986 est
1029 948 1126 986 tota
1162 944 1402 985 affectionis
1447 943 1738 993 aemulatione,
1776 945 1871 983 tota

472 1015 656 1056 rationis
699 1013 928 1062 industria,
961 1016 1059 1054 tota
1090 1012 1253 1067 vigoris
1285 1012 1522 1053 vivacitate
1564 1010 1872 1052 anhelantibus

474 1083 529 1124 ad
560 1086 687 1124 terrae
718 1081 848 1136 hujus
880 1081 1150 1136 ereptionem
1181 1094 1270 1120 non
1302 1079 1480 1130 assistit,
1512 1079 1598 1120 nisi
1636 1093 1760 1134 quem
1795 1080 1872 1118 aut

473 1150 777 1191 formidolosus
807 1149 960 1189 horror
991 1148 1193 1203 ignaviae,
1231 1150 1308 1188 aut
1349 1147 1617 1202 perniciosus
1659 1161 1777 1188 error
1809 1145 1873 1186 di-

475 1221 702 1277 sipientiae,
736 1224 815 1261 aut
846 1219 1163 1275 ignominiosus
1195 1222 1347 1274 torpor
1377 1218 1569 1259 lasciviae
1600 1217 1874 1273 pervaserit?

477 1289 676 1340 Qualiter
727 1302 923 1342 unquam
977 1287 1191 1328 sustinere
1243 1286 1408 1341 poterit
1459 1286 1605 1327 fervor
1661 1285 1868 1333 fidelium,

477 1356 593 1410 quod
624 1359 798 1404 terram,
841 1370 866 1395 a
898 1369 984 1409 qua
1025 1354 1228 1395 salutaris
1259 1354 1362 1395 fidei
1394 1353 1539 1395 cultus
1572 1353 1759 1409 sumpsit
1790 1353 1871 1394 ini-

476 1425 601 1475 tium,
625 1428 719 1464 tam
741 1423 818 1463 diu
849 1423 1071 1477 subjaceat
1103 1423 1335 1477 profanata
1366 1422 1752 1477 superstitionibus
1780 1436 1873 1477 per-

479 1492 699 1532 fidorum?
752 1491 1056 1541 Quamobrem,
1105 1490 1141 1531 O
1191 1490 1465 1531 sacerdotum
1495 1490 1766 1542 electissime,
1801 1490 1874 1531 ob—

479 1573 694 1600 secramus
754 1572 831 1613 per
888 1558 1096 1599 honorem
1161 1558 1391 1607 Altissimi,
1447 1558 1729 1613 deprecamur
1799 1572 1875 1613 per

478 1627 664 1668 salutem
695 1626 860 1674 mundi,
894 1626 1187 1681 supplicamus
1233 1640 1310 1680 per
1340 1626 1524 1680 gloriam
1557 1626 1666 1677 coeli,
1700 1630 1752 1667 ut
1782 1630 1873 1667 tam

479 1694 683 1734 salvificae
711 1693 958 1751 devotionis
991 1693 1193 1749 negotiis,
1226 1693 1432 1748 piissimae
1465 1694 1698 1735 sanctitati
1720 1699 1878 1736 vestrae

479 1761 836 1816 qualitercunque
880 1761 1122 1816 patefactis,
1147 1761 1349 1802 benevoli
1381 1761 1546 1803 favoris
1577 1762 1778 1803 auditum
1810 1762 1874 1802 in-

479 1829 639 1870 clinare
685 1843 774 1869 non
821 1828 992 1869 ducatis
1038 1828 1278 1884 indignum,
1332 1829 1424 1884 regi
1463 1830 1708 1885 Anglorum
1756 1829 1874 1870 illus-

478 1897 548 1944 tri,
573 1896 769 1951 supernis
801 1899 895 1936 tam
926 1896 1163 1951 flagranter
1195 1911 1372 1938 accenso
1396 1897 1630 1947 desideriis,
1655 1901 1698 1939 et
1719 1900 1875 1940 vestrae

478 1967 575 2019 post
620 1964 762 2005 Deum
807 1964 1032 2019 potissime
1076 1964 1230 2005 innixo
1275 1965 1529 2015 clementiae,
1563 1966 1684 2020 pium
1731 1968 1874 2022 patro-

480 2032 655 2082 cinium,
681 2031 851 2085 justum
873 2031 1152 2086 adjutorium,
1177 2032 1418 2087 gratiosum
1450 2033 1694 2074 subsidium
1727 2032 1874 2075 sedula

480 2098 775 2140 sollicitudine
807 2103 1006 2140 curantes
1038 2099 1296 2154 impendere.

1077 2258 1180 2300 CAP.
1215 2257 1293 2298 IX.

541 2368 758 2424 Suspicari
792 2371 946 2424 nequis
977 2371 1148 2426 poterit,
1173 2371 1290 2427 quod
1320 2372 1379 2413 sit
1410 2372 1762 2428 suspendendum
1782 2385 1873 2414 ver-

480 2436 585 2477 bum
613 2440 657 2477 et
687 2436 848 2477 ferrum
880 2439 1180 2489 exercendum,
1205 2439 1310 2494 quia
1339 2439 1514 2482 sudores
1546 2440 1689 2482 bellici
1719 2439 1874 2482 laboris

480 2504 536 2544 ad
579 2503 760 2544 humani
807 2505 976 2558 generis
1027 2506 1332 2548 liberationem
1378 2510 1505 2548 tanta
1546 2508 1757 2549 videntur
1805 2521 1869 2548 ur-

479 2571 631 2626 gentia
681 2571 910 2612 subeundi.
995 2573 1128 2615 Absit
1172 2589 1199 2616 a
1248 2574 1451 2616 cordibus
1491 2575 1870 2618 ecclesiasticorum

478 2639 671 2679 virorum
723 2641 815 2679 tam
858 2639 1023 2680 nefaria
1064 2641 1290 2696 deceptio!
1354 2641 1584 2698 Numquid
1623 2642 1870 2699 praedicatio

478 2704 625 2746 silebit
672 2719 894 2760 quousque
938 2707 1069 2749 durat
1111 2710 1444 2764 praevaricatio?
1497 2711 1613 2762 Quid
1653 2709 1869 2768 respondi-

477 2773 653 2813 bimus?
716 2773 855 2813 Immo
891 2774 995 2829 quid
1039 2778 1284 2831 sapientum
1323 2778 1610 2821 consideratio
1646 2778 1870 2835 respondet

477 2839 560 2881 sibi
605 2841 908 2895 percunctanti
945 2842 1036 2883 sic?
1101 2844 1372 2900 “Numquid
1404 2846 1547 2888 visum
1580 2850 1647 2889 est
1678 2846 1870 2903 patribus

1894 3126 1901 3180 ..ὸ-
