1905 3180
641 248 877 277 EPISTOLAE.
1372 237 1425 277 39
1437 237 1455 274 1,

59 363 194 404 frater
209 362 293 412 Vr,
310 361 431 416 cujus
449 362 495 402 in
512 362 659 403 littera
680 362 948 412 meministis,
967 363 1034 403 cui
1057 366 1100 403 et
1118 363 1282 403 cunctis
1299 362 1461 403 amabi-

62 431 146 471 lem
168 429 448 484 benignitatis
469 432 625 470 vestrae
647 430 909 470 suavitatem
937 430 1291 485 contingentibus
1313 431 1459 470 votiva

63 500 273 553 promptae
305 497 548 538 voluntatis
571 496 709 537 officia
737 497 995 551 impendere,
1038 511 1116 538 nec
1151 498 1377 548 innuerito,
1410 502 1461 538 ut

63 564 190 613 valet,
223 578 319 605 mea
362 564 481 619 cupit
527 564 712 614 exilitas,
752 563 1060 619 proficiscendi,
1103 565 1215 605 sicut
1255 565 1460 614 intellexi,

61 632 316 687 necessitate
338 631 593 687 compulsus,
626 631 878 686 priusquam
912 631 1051 672 eidem
1085 633 1463 673 communicassem

63 701 214 755 optata
235 702 401 741 mutuae
434 699 669 755 agnitionis
692 698 842 748 officia,
876 699 1154 753 repentinum
1185 699 1461 753 profectionis

61 780 151 808 suae
182 781 421 822 regressum
443 767 709 807 acceleravit.
764 766 1022 821 Opportuno
1053 770 1247 821 tempore
1272 771 1370 821 post
1400 767 1464 807 in-

63 837 182 879 stans
214 834 379 875 Pascha
407 834 613 886 desidero,
646 836 698 874 ut
719 834 956 883 valueritis,
981 834 1190 884 videritis,
1225 834 1461 884 volueritis,

63 901 115 942 de
158 902 411 943 membrana
456 901 645 943 vitulina
685 902 931 943 necessitati
974 904 1145 950 nostrae,
1188 916 1263 956 per
1310 905 1464 943 vestrae

64 968 367 1010 sollicitudinis
428 970 704 1019 industriam,
759 969 903 1024 quoad
961 970 1056 1010 fieri
1107 969 1297 1010 valuerit
1373 970 1465 1011 sine

63 1036 247 1077 fratrum
298 1038 551 1093 gravamine
593 1037 820 1092 provideri.
883 1037 1051 1088 Pareat,
1084 1052 1241 1093 precor,
1276 1037 1466 1079 amicitia

64 1104 202 1145 fidelis
233 1105 516 1160 improbitati,
555 1119 686 1160 quam
731 1104 900 1160 jugiter
936 1105 1105 1146 animat
1140 1119 1227 1147 non
1265 1108 1358 1146 tam
1395 1105 1467 1146 de-

64 1172 250 1227 speratio
282 1173 552 1228 displicendi,
583 1188 713 1227 quam
749 1173 1013 1227 impetrandi
1049 1172 1322 1221 confidentia,
1351 1173 1467 1227 quod

64 1239 198 1281 vestri
228 1241 370 1295 gratia
390 1243 595 1296 praestare
628 1240 827 1295 satagitis
859 1255 935 1295 per
956 1241 1160 1282 continua
1191 1240 1468 1295 experientiae

64 1307 383 1362 multiplicioris
415 1311 680 1363 argumenta.

123 1375 280 1417 Valeat
302 1377 544 1418 dilectionis
557 1380 714 1417 vestrae
731 1390 873 1431 sospes
893 1376 1178 1427 incolumitas,
1197 1379 1274 1417 etc.
1313 1376 1469 1418 Caram

64 1443 255 1484 animam
276 1443 423 1485 fratris
451 1444 492 1486 J.
530 1444 581 1485 de
617 1443 910 1498 Bannebyria,
944 1443 1053 1484 mihi
1084 1458 1109 1484 a
1142 1458 1274 1498 puero
1312 1445 1471 1500 specia-

65 1511 218 1552 lissimi
277 1512 468 1553 filiorum
519 1516 774 1561 vestrorum,
826 1511 1013 1552 fratrum
1074 1515 1321 1553 nostrorum
1389 1513 1470 1567 piis

67 1580 281 1621 memoriis
323 1580 496 1635 speciali
533 1579 764 1621 devotione
795 1593 898 1634 rogo
936 1579 1080 1620 velitis
1124 1580 1469 1622 recommendare

66 1647 121 1689 ob
152 1647 365 1690 intuitum
398 1647 645 1689 Salvatoris.
710 1646 766 1687 In
796 1651 1019 1697 aeternum,
1054 1650 1132 1689 etc.

687 1852 933 1895 CCXXIV.

69 1978 462 2022 Desidemtissimo
488 1977 628 2034 patri,
663 1979 821 2020 Fratri
835 1979 890 2028 J.,
925 1978 1161 2021 Goerch'smo
1198 1977 1469 2028 He'rforclz'oe,

188 2048 347 2089 Frater
392 2044 502 2089 Ada
541 2046 744 2096 salutem,
798 2051 836 2088 et
871 2050 971 2101 post
1023 2060 1210 2088 cursum
1260 2045 1474 2102 temporis

186 2115 386 2170 {florium
417 2113 694 2156 ceternitccz‘ia

9 2255 11 2280 ἡ
134 2228 320 2269 Litteras
365 2228 531 2269 inolitae
578 2226 861 2281 benignitatis
913 2229 1079 2277 vestrae,
1123 2241 1211 2267 non
1260 2230 1352 2267 tam
1394 2227 1472 2268 cir·
1492 2237 1573 2270 Will
1589 2247 1648 2287 eg-

73 2296 401 2350 cumspectionis
428 2295 699 2345 industriam,
725 2309 856 2348 quam
881 2295 1068 2350 gratiam
1090 2295 1335 2336 sedulitatis
1366 2309 1474 2350 prae-
1492 2281 1645 2356 ἓῇζῐὲζῗ]
1649 2334 1664 2356 c
1668 2333 1697 2355 e.

9 2375 13 2394 ³
76 2363 270 2413 ferentes,
343 2364 445 2405 laeta
498 2363 664 2418 suscepi
707 2362 947 2411 devotione,
1018 2362 1215 2404 officiosae
1281 2363 1475 2404 caritatis
1494 2369 1625 2400 Praises

77 2431 355 2472 mansuetiori
399 2430 725 2479 benevolentiae,
769 2434 983 2484 quantum
1024 2431 1142 2471 valet
1183 2431 1308 2471 exilis
1349 2431 1475 2472 amici
1494 2413 1662 2487 ὲζῗέὶέξ,

77 2498 384 2553 qualiscunque
417 2502 608 2545 conatus,
640 2498 827 2538 referens
857 2498 1097 2553 gratiarum
1139 2499 1339 2539 actiones.
1407 2499 1476 2538 Li-
1494 2501 1581 2531 ham.
1624 2480 1644 2496 ο

79 2569 145 2607 cet
175 2567 375 2620 optabilis
406 2580 598 2621 personae
629 2570 785 2607 vestra—3
820 2566 1052 2619 praesentia
1088 2566 1323 2620 plurimum
1361 2566 1477 2620 apud

79 2647 156 2675 nos
186 2633 337 2674 afforet
369 2637 625 2689 opportuna,
648 2637 795 2673 tamen
817 2636 991 2687 propter
1018 2633 1274 2674 indefessam
1306 2648 1478 2688 operam

80 2700 135 2742 de
156 2700 307 2742 salutis
329 2701 565 2756 diligentia,
589 2701 793 2755 quoniam
816 2703 860 2740 et
884 2701 1087 2754 vigenter,
1103 2705 1146 2741 et
1168 2702 1411 2755 vigilanter,
1434 2705 1479 2740 et

81 2767 299 2817 vivaciter,
333 2769 444 2810 sicut
475 2768 616 2817 audio,
647 2767 949 2807 multimodam
979 2767 1182 2809 fraterna]
1213 2767 1480 2808 necessitatis

80 2834 412 2876 subventionem
447 2835 613 2890 jugiter
642 2834 845 2875 exhibere
877 2833 1072 2883 studetis,
1108 2835 1165 2875 sit
1208 2835 1370 2875 Divino
1402 2847 1479 2875 no-
