1905 3180
648 228 881 259 EPIsTOLAE.
1375 218 1457 258 295

72 341 165 392 Dei,
218 355 313 396 quae
364 345 594 397 exsuperat
659 356 830 384 omnem
892 354 1074 390 sensum,
1126 339 1340 381 custodiat
1391 353 1462 380 cor

71 412 261 451 vestrum
283 413 326 451 et
346 410 677 465 intelligentiam
700 414 896 451 vestram.

131 476 175 517 N
178 491 224 518 ec
250 477 440 529 miretur,
465 477 647 529 obsecro,
679 477 909 533 perspicuae
943 474 1296 518 considerationis
1328 474 1463 515 subti-
1480 471 1623 533 Asgaixist

71 544 180 596 litas,
204 545 319 599 quod
349 560 440 587 rem
473 546 721 588 acerrimam
754 560 807 586 ex
839 548 1084 586 sanctorum
1116 543 1294 598 eloquiis
1326 543 1464 583 acrius
1480 526 1593 593 gxi?
1609 519 1648 549 of

72 627 166 653 sum
197 612 424 654 insecutus.
491 613 719 665 Caeterum,
753 613 857 668 quid
901 613 1040 653 cultus
1078 611 1275 652 lascivior
1306 615 1464 651 matro-

70 679 212 721 nalem
233 680 483 735 pudicitiam
506 681 550 722 in
582 681 798 723 sinistram
831 680 949 721 ducit
980 679 1294 734 suspicionem?
1326 678 1368 718 N
1374 692 1465 718 um-

72 747 175 801 quid
215 762 304 789 non
341 748 644 804 discrepabunt
685 748 913 790 meretricii
948 747 1095 788 vultus
1136 750 1179 787 et
1221 746 1348 787 facies
1379 760 1467 787 cas-

70 815 238 856 titatis?
291 816 396 867 Quis
448 821 513 858 est
565 817 638 872 qui
682 816 793 857 hanc
835 816 1049 856 insaniam
1095 828 1184 855 non
1228 816 1464 864 execratur,

71 896 167 937 quae
214 897 310 924 cum
356 885 491 925 tantis
535 889 784 940 sumptuum
830 884 1042 939 impensis,
1077 897 1173 924 cum
1214 886 1281 924 tot
1323 882 1468 923 minis-

70 951 281 991 trantium
330 952 692 1006 occupationibus,
744 952 882 993 indies
925 951 1214 1001 continuatur,
1258 964 1467 991 vesanum

71 1017 263 1059 studium
295 1023 472 1060 ornatus
504 1020 716 1074 superflui,
742 1035 816 1074 per
839 1033 966 1074 quem
998 1022 1041 1060 et
1071 1019 1233 1059 Divina
1265 1018 1468 1072 Majestas

70 1090 338 1141 provocatur,
397 1090 441 1128 et
483 1087 765 1128 offenduntur
810 1090 1005 1142 aspectus
1048 1086 1228 1136 honesti,
1262 1100 1339 1127 nec
1386 1085 1469 1125 nisi

69 1153 275 1195 lenonum
318 1155 511 1210 placetur
553 1155 833 1210 petulantiis?
884 1154 957 1195 An
994 1168 1083 1195 non
1114 1158 1179 1194 est
1213 1153 1469 1194 Divinitatis

71 1220 240 1275 injuria,
273 1222 456 1277 speciem
510 1237 639 1277 quam
681 1221 948 1264 venustatis¹
983 1221 1201 1263 decoravit
1232 1221 1466 1275 privilegio,

70 1289 211 1330 nescio
243 1289 397 1343 quibus
423 1290 596 1344 ineptiis
627 1290 862 1345 peregrinae
894 1288 1282 1343 super-inductionis
1303 1288 1470 1328 fucare?

71 1356 311 1398 Audiamus
348 1357 517 1398 divinos
554 1357 793 1412 Apostolos,
844 1370 1027 1411 quorum
1062 1355 1265 1410 Princeps
1297 1355 1354 1396 sic
1385 1355 1467 1395 ait:

74 1428 96 1445 “
130 1423 331 1466 Mulieres
379 1425 562 1466 subditae
619 1425 707 1465 sint
751 1424 855 1465 viris
902 1424 999 1472 suis,
1033 1427 1083 1464 ut
1125 1425 1170 1463 et
1231 1422 1343 1476 siqui
1383 1436 1471 1462 non

73 1495 96 1513 “
128 1491 308 1534 credunt
328 1493 470 1541 verbo,
499 1507 574 1547 per
594 1492 823 1532 mulierum
845 1491 1215 1532 conversationem
1241 1489 1468 1537 lucrifiant,

127 1559 441 1601 considerantes
507 1560 554 1600 in
616 1560 771 1601 timore
835 1563 1029 1600 sanctam
1090 1558 1470 1599 conversationem.

129 1627 322 1679 Quarum
363 1628 420 1669 sit
462 1642 552 1669 non
594 1627 859 1669 extrinsecus
903 1626 1157 1681 capillatura
1187 1629 1265 1666 aut
1296 1625 1473 1666 circum-

129 1695 246 1736 datio
277 1695 371 1736 auri
402 1698 478 1736 aut
508 1695 754 1737 indumenti
785 1695 1147 1736 vestimentorum
1180 1693 1320 1734 cultus
1342 1708 1350 1743 ;
1400 1691 1474 1733 sed

127 1763 200 1817 qui
231 1763 508 1804 absconditus
551 1767 616 1803 est
649 1762 787 1803 cordis
820 1763 949 1802 homo
981 1761 1027 1801 in
1059 1760 1473 1814 incorruptibilitate

76 1834 98 1852 “
130 1830 267 1885 quieti
299 1833 342 1871 et
388 1829 573 1870 modesti
604 1830 790 1884 spiritus,
826 1829 900 1883 qui
934 1832 998 1869 est
1043 1828 1091 1868 in
1125 1830 1357 1882 conspectu
1392 1826 1474 1867 Dei

75 1901 96 1918 ‘⁶
127 1897 350 1952 locuples.’'
414 1897 577 1938 Doctor
622 1897 784 1938 etenim
815 1896 1028 1951 gentium,
1080 1895 1153 1949 qui
1197 1895 1343 1935 omnia
1387 1908 1473 1934 om-

73 1964 200 2005 nibus
243 1964 381 2005 factus
428 1968 502 2015 est,
554 1968 604 2005 ut
657 1978 804 2005 omnes
854 1963 1132 2014 lucrifaceret,
1177 1963 1341 2004 cunctis
1392 1962 1474 2003 cla-

74 2035 166 2072 mat
207 2031 489 2072 mortalibus:
558 2030 797 2072 “Mulieres
838 2031 885 2071 in
935 2029 1099 2079 habitu,
1156 2033 1322 2078 ornatu,
1377 2044 1473 2070 cum

76 2103 100 2121 “
130 2099 390 2140 verecundia
421 2102 464 2140 et
495 2098 727 2140 sobrietate
770 2102 975 2139 ornantes
1027 2113 1069 2139 se
1121 2111 1210 2138 non
1251 2097 1297 2137 in
1349 2097 1475 2138 tortis

76 2173 98 2189 “
130 2167 330 2218 crinibus,
363 2170 440 2208 aut
471 2181 587 2216 auro,
611 2171 688 2208 aut
719 2166 976 2222 margaritis,
1009 2165 1078 2206 vel
1111 2169 1230 2206 veste
1262 2164 1474 2220 pretiosa,

77 2239 100 2257 “
130 2235 205 2276 sed
248 2234 364 2290 quod
401 2234 523 2276 decet
558 2234 759 2275 mulieres
802 2234 1106 2289 promittentes
1149 2233 1357 2288 pietatem
1401 2247 1476 2287 per

77 2306 101 2325 “
133 2317 260 2358 opera
301 2302 453 2344 bona.''
516 2301 701 2344 Utinam
744 2301 1018 2357 perspicuum
1069 2304 1218 2356 pectus
1268 2300 1476 2355 panderet

75 2374 238 2426 quanta
269 2370 325 2411 sit
357 2369 553 2411 anxietas
599 2369 717 2411 cordi
748 2369 918 2424 pavido,
952 2382 1030 2423 pro
1063 2383 1111 2409 eo
1159 2368 1275 2422 quod
1307 2370 1476 2422 oportet

78 2437 374 2479 dissuadendis
434 2441 570 2479 tantae
632 2437 834 2492 perniciei
895 2435 1217 2491 nugacitatibus
1280 2435 1476 2476 insistere

36 2522 40 2526 ’
75 2505 190 2547 inter
211 2509 279 2547 tot
300 2505 450 2546 salutis
471 2504 657 2560 negotia,
682 2504 734 2545 de
768 2504 936 2559 quibus,
958 2503 1043 2545 nisi
1075 2517 1150 2558 per
1182 2502 1476 2557 hujuscemodi

77 2572 299 2614 fatuitates
350 2571 660 2623 excluderetur,
700 2585 837 2613 sermo
889 2574 980 2612 tam
1042 2570 1305 2612 necessarius
1366 2570 1477 2610 foret

77 2640 301 2682 habendus
322 2640 378 2681 ad
405 2639 792 2694 splendidissimam
814 2641 970 2680 vestrae
1001 2638 1175 2693 pietatis
1206 2637 1474 2678 industriam.

73 1565 95 1580 6<

74 1632 96 1649 (ζ

75 1699 96 1717 (ζ

71 1766 94 1784 <6

625 2837 634 2856 ¹
660 2836 848 2876 venustavit,
867 2832 939 2869 MS.
