1905 3180
333 250 389 288 SO
826 254 932 285 ADAE
965 254 1026 285 DE
1056 253 1259 285 MARISCO

330 375 386 415 ad
434 372 672 428 imaginem
724 370 913 426 ingeniti
963 369 1109 411 Patris
1152 384 1230 425 per
1274 369 1530 411 memoriam
1582 370 1742 412 mentis

327 443 592 498 gignentem,
632 440 687 481 ad
717 439 957 494 imaginem
991 438 1211 493 unigeniti
1247 437 1350 478 Filii
1381 452 1458 493 per
1494 438 1744 494 intelligen-

327 510 435 551 tiam
476 508 657 549 rationis
694 507 903 563 genitam,
936 506 991 548 ad
1028 506 1265 562 imaginem
1303 505 1578 561 procedentis
1611 506 1742 548 Para-

328 577 420 619 cliti
456 591 533 632 per
569 590 761 617 amorem
799 574 1044 616 voluntatis
1078 574 1394 629 procedentem.
1459 573 1741 616 Reformatus

328 659 432 687 vero
469 645 525 686 ad
554 644 635 685 Dei
666 643 1004 685 similitudinem
1035 657 1134 684 cum
1166 645 1232 683 est
1261 641 1306 682 in
1339 641 1499 683 mentis
1531 643 1742 684 memoria

327 718 491 755 aeterna
526 712 670 753 Patris
707 712 882 767 paritas,
917 725 1016 752 cum
1051 714 1117 752 est
1151 710 1198 750 in
1232 709 1416 751 rationis
1447 710 1742 766 intelligentia

330 796 433 823 vera
470 780 572 821 Filii
606 780 790 827 claritas,
825 794 922 821 011111
957 782 1022 820 est
1054 779 1101 819 in
1134 777 1382 819 voluntatis
1413 792 1558 820 amore
1591 782 1741 820 sancta

329 849 536 890 Paracliti
558 848 863 903 tranquillitas.
932 847 1022 888 Soli
1045 861 1146 902 ergo
1168 846 1349 897 homini,
1368 848 1461 887 tam
1483 846 1543 887 sic
1565 846 1740 888 condito

328 932 404 973 per
444 920 660 966 naturam,
696 931 826 971 quam
865 915 926 956 sic
960 915 1196 956 reformato
1231 928 1307 969 per
1342 913 1545 970 gratiam,
1585 914 1740 955 mundi

328 985 538 1027 creaturis
579 998 760 1039 praeesse
796 984 930 1038 jussit
972 983 1210 1024 auctoritas
1255 982 1408 1023 divina
1424 998 1434 1033 3
1467 996 1564 1023 cum
1600 981 1740 1037 prius-

328 1068 459 1109 quam
490 1053 728 1108 praemisit:
796 1051 1067 1092 “Faciamus
1101 1050 1324 1091 hominem
1347 1050 1403 1090 ad
1425 1049 1664 1105 imaginem
1696 1053 1741 1091 et

330 1128 351 1142 “
383 1121 718 1162 similitudinem
740 1124 935 1161 nostram
954 1119 988 1170 ;''
1021 1118 1252 1173 subjunxit
1275 1121 1616 1172 consequenter:
1655 1120 1740 1159 “et

330 1197 349 1211 ‘⁶
383 1189 533 1245 praesit
576 1188 767 1244 piscibus
809 1188 941 1229 maris
985 1191 1029 1228 et
1071 1186 1328 1228 volatilibus
1371 1185 1469 1227 coeli
1512 1189 1556 1227 et
1586 1185 1739 1227 bestiis

329 1263 350 1280 ⁴‘
384 1262 522 1308 terrae,
554 1257 856 1311 universisque
890 1255 1137 1297 creaturis?

388 1326 552 1366 Annon
595 1324 963 1379 inexplicabiliter
1011 1322 1294 1364 excellentior
1351 1326 1417 1364 est
1471 1321 1739 1363 universitas

329 1393 515 1436 coelestis
562 1392 749 1433 ecclesiae
804 1407 934 1446 quam
998 1391 1264 1432 universitas
1331 1390 1569 1431 mundialis
1623 1404 1740 1431 crea-

328 1464 470 1504 turae?
548 1460 840 1512 Quamobrem
887 1460 924 1501 si
966 1458 1089 1500 tumI
1140 1459 1283 1507 homo,
1322 1458 1382 1499 sic
1424 1473 1501 1514 per
1538 1457 1739 1499 divinum

329 1530 541 1572 diffinitus
587 1528 820 1583 eloquium,
864 1527 1082 1568 dominari
1127 1527 1259 1568 debet
1301 1526 1349 1567 in
1394 1541 1528 1582 regno
1572 1526 1738 1576 mundi,

330 1602 494 1654 quanto
551 1597 688 1652 magis
749 1598 908 1651 praeter
972 1595 1088 1635 hunc
1148 1595 1284 1635 talem
1338 1593 1591 1635 nullatenus
1644 1594 1741 1648 quis

328 1665 564 1722 principari
611 1664 725 1706 valet
767 1664 814 1704 in
860 1678 993 1719 regno
1031 1662 1140 1704 coeli.
1227 1662 1319 1703 Iste
1371 1662 1535 1703 etenim
1582 1662 1741 1703 solum-

329 1735 458 1776 modo
531 1748 659 1788 super
724 1732 965 1786 subjectam
1027 1730 1224 1786 plebium
1288 1730 1632 1779 multitudinem,
1697 1733 1741 1772 et

330 1817 405 1858 per
440 1801 728 1857 patrocinium
764 1798 988 1855 potentiae,
1033 1802 1077 1839 et
1118 1813 1195 1853 per
1237 1797 1467 1839 consilium
1499 1797 1739 1853 sapientiae,

329 1875 372 1912 et
415 1884 490 1925 per
536 1868 744 1910 solatium
802 1866 1135 1916 benevolentiae,
1180 1866 1275 1921 lege
1340 1865 1448 1906 recti
1514 1866 1739 1921 regiminis

330 1954 418 1981 esse
463 1936 761 1992 cognoscitur3
826 1937 1004 1990 propter
1041 1934 1159 1988 quod
1200 1936 1433 1989 postquam
1474 1934 1741 1976 monstravit

329 2006 555 2049 animabus
607 2003 935 2059 praeficiendum
990 2002 1223 2052 hominem,
1270 2001 1479 2057 adjunxit
1522 2001 1634 2057 “qui
1681 2002 1740 2043 sit

331 2082 352 2097 ‘⁶
385 2088 511 2130 super
542 2072 876 2113 multitudinem
908 2070 1057 2111 hanc.''

390 2142 508 2194 Quid
551 2145 699 2181 autem
758 2140 897 2181 eidem
951 2138 1178 2180 incumbat
1225 2137 1495 2179 indeficienti
1542 2140 1739 2193 satagere

329 2209 563 2267 vigilantia
610 2207 835 2257 subinfert,
886 2209 970 2248 “et
1001 2206 1138 2262 possit
1181 2205 1300 2246 exire
1342 2208 1386 2247 et
1427 2205 1592 2246 intrare
1634 2208 1739 2247 ante

332 2286 353 2301 ⁴‘
385 2278 490 2320 008.”
554 2277 686 2317 Exire
732 2275 909 2330 quidem
943 2275 999 2316 ad
1035 2274 1331 2315 ministerium
1363 2273 1737 2329 praedicationum,

333 2348 387 2389 ad
443 2345 643 2400 exempla
699 2343 1016 2400 operationum,
1074 2343 1130 2383 ad
1183 2342 1549 2397 dispensationem
1602 2355 1741 2383 sacra-

332 2417 587 2456 mentorum.
652 2412 823 2453 Intrare
880 2426 983 2453 vero
1035 2411 1082 2451 in
1134 2410 1380 2451 cubiculum
1433 2408 1655 2460 orationis,
1688 2409 1737 2449 in

331 2481 607 2524 secretarium
660 2479 971 2527 meditationis,
1027 2479 1074 2519 in
1126 2477 1421 2518 sanctuarium
1473 2476 1738 2532 contempla-

330 2551 471 2593 tionis.
536 2549 755 2604 Sequitur,
789 2551 834 2589 et
868 2548 1050 2589 educere
1083 2546 1179 2586 illos
1214 2548 1258 2586 et
1294 2544 1599 2594 introducere3
1632 2543 1737 2585 edu-

331 2633 423 2660 cere
465 2621 577 2659 certe
626 2617 681 2658 ad
725 2617 908 2658 formam
954 2615 1137 2656 honeste
1179 2612 1370 2662 vivendi,
1409 2612 1465 2653 ad
1508 2627 1735 2654 censuram

965 2857 973 2876 ¹
994 2857 1044 2895 ίῖη,
1063 2855 1137 2888 MS.
