1905 3180
403 254 486 295 600
938 257 1174 289 APPENDIX
1205 258 1266 289 XI.

401 378 522 418 Tunc
553 375 731 418 accessit
763 374 883 424 alius,
919 373 1072 417 Stokis
1104 373 1371 423 nominatus,

403 445 543 486 Rufus
574 444 844 493 naturaliter,
878 446 922 484 et
954 446 1074 484 veste
1106 442 1346 490 dealbatus,

403 513 617 554 Omnibus
649 512 895 568 impatiens,
930 515 975 553 et
1006 511 1137 553 nimis
1170 511 1321 559 elatus,

403 582 462 623 Et
494 585 645 623 eontra
675 580 889 623 veridicos
921 580 1112 636 dirigens
1144 582 1333 621 conatus.

402 718 528 762 With
560 734 616 760 an
650 718 686 761 O
719 717 806 760 and
838 731 894 759 an
927 716 963 769 I,
997 717 1077 759 sub
1110 720 1203 758 tam
1235 715 1368 757 rubra
1398 714 1509 770 pelle

403 789 589 830 Animus
621 803 705 830 non
740 787 915 829 habitat
946 786 1029 827 nisi
1062 789 1220 827 unctus
1253 784 1360 826 felle.

404 856 491 898 Hic
522 872 599 912 per
631 856 723 898 dies
754 856 965 912 plurimos
999 855 1148 896 doctor
1178 852 1408 901 laboravit,

403 924 529 966 Nihil
561 925 617 966 ad
648 924 917 980 propositum
949 923 1066 979 quod
1098 921 1424 978 argumentavit
1450 936 1460 971 3

402 994 611 1050 Allegans
644 993 759 1049 quod
791 993 981 1034 soeminae
1015 991 1213 1033 Christus
1245 989 1479 1046 imperavit

406 1061 473 1104 Ut
505 1065 658 1118 potum
692 1061 945 1117 porrigeret,
980 1061 1074 1116 ipsa
1106 1058 1392 1100 ministravit.

404 1189 530 1233 With
562 1205 619 1232 an
653 1190 689 1233 O
722 1190 809 1232 and
841 1205 897 1231 an
930 1188 965 1239 Ι,
999 1189 1034 1230 si
1065 1192 1171 1230 tuno
1202 1187 1418 1237 tacuisses,

404 1260 471 1301 Tu
502 1274 619 1302 nuno
650 1259 787 1301 stulto
820 1259 985 1308 similis,
1029 1256 1310 1313 philosophus
1343 1255 1504 1297 fuisses.

405 1328 452 1370 Si
484 1329 599 1385 legas
632 1343 657 1369 a
689 1327 845 1370 saeeulo
877 1342 966 1369 non
998 1330 1091 1368 erat
1122 1326 1366 1374 inventum,

402 1397 445 1439 A
476 1397 633 1453 quibus
664 1397 755 1439 haee
785 1396 935 1452 religio
967 1396 1080 1451 cepit
1100 1395 1446 1443 smidamentum,

404 1466 683 1508 Pollinudum
715 1465 918 1522 primitus
950 1464 1140 1506 habebat
1170 1464 1490 1511 indumentum,

404 1534 491 1577 Sed
523 1549 599 1576 eur
629 1534 721 1576 haeo
753 1533 989 1589 despicitur
1020 1536 1086 1575 est
1117 1546 1325 1587 magnum
1357 1533 1620 1587 portentum.

405 1663 527 1705 With
561 1678 618 1705 an
651 1662 688 1705 O
721 1661 807 1705 and
839 1677 895 1703 an
928 1661 962 1712 I,
996 1660 1175 1703 fuerunt
1206 1659 1333 1716 Pyed
1364 1659 1522 1702 Freres

407 1732 632 1784 Quomodo
665 1729 826 1773 mutati
858 1735 961 1772 sunt
992 1745 1096 1785 rogo
1129 1727 1273 1771 dicat¹
1310 1729 1424 1770 Pers.

406 1800 580 1842 Horum
611 1800 790 1856 quidam
822 1799 1063 1855 praedicant
1095 1798 1213 1854 quod
1245 1800 1348 1839 sunt
1380 1811 1436 1838 ex
1468 1795 1621 1846 Maria,

406 1870 498 1911 Alii
530 1873 636 1911 tuno
667 1872 866 1911 asserunt
899 1868 1015 1924 quod
1047 1871 1150 1909 sunt
1183 1882 1238 1908 ex
1272 1865 1416 1916 Helia,

407 1938 517 1980 Cum
548 1938 731 1980 istorum
764 1937 949 1993 quilibet
981 1936 1195 1978 discordet
1226 1950 1252 1976 a
1282 1935 1383 1988 via3

407 2002 570 2048 Nullus
602 2006 703 2049 talis
735 2006 884 2048 veniet
917 2005 1017 2047 coeli
1049 2004 1287 2047 monachia.

408 2134 536 2177 With
567 2149 624 2177 an
658 2134 694 2177 O
728 2134 815 2176 and
848 2148 904 2176 an
938 2133 973 2183 I,
1007 2133 1043 2175 si
1074 2131 1282 2175 fundator
1313 2131 1452 2183 detur,

407 2204 507 2260 Ipse
540 2203 661 2245 dedit
691 2202 884 2259 regulam
917 2218 1014 2259 quie
1044 2217 1149 2258 rogo
1182 2204 1458 2243 monstretur.

409 2272 514 2314 Post
545 2272 637 2314 baeo
670 2272 738 2314 die
770 2276 942 2328 postera
974 2270 1134 2312 Niohol
1164 2270 1379 2320 veniebat,

409 2341 468 2382 Et
500 2341 555 2382 ad
586 2344 705 2382 tacta
736 2340 908 2396 singula
940 2339 1049 2381 clare
1081 2339 1380 2395 respondebat,

410 2409 469 2449 Et
502 2408 730 2464 Philippus
764 2408 1037 2463 Repyndone
1065 2407 1211 2449 omnia
1243 2406 1450 2457 solvebat,

412 2477 519 2528 Quae
543 2477 698 2518 Petrus
736 2476 795 2518 sic
826 2475 1105 2531 Apoerofus2
1152 2475 1199 2516 in
1233 2475 1377 2516 schola
1408 2473 1630 2530 tangebat.

411 2605 537 2647 With
569 2619 625 2646 an
659 2603 695 2647 O
728 2604 815 2646 and
847 2619 902 2646 an
936 2604 971 2656 Ι,
1005 2608 1237 2661 postquam
1270 2604 1329 2645 sic
1360 2603 1597 2645 voluerunt

412 2675 587 2716 Fratres
618 2677 724 2715 tunc
756 2676 801 2715 et-
832 2673 1034 2715 monaohi
1066 2673 1239 2715 vultum
1272 2672 1588 2728 depresserunt,

459 2871 466 2896 ¹
484 2877 564 2917 dico,
583 2877 657 2909 MS.
1170 2875 1174 2918 1
1242 2875 1253 2892 2
1271 2875 1336 2907 Sie2

1742 589 1804 617 250

1745 1806 1807 1836 265

1746 2610 1807 2642 275
