1905 3180
431 269 516 310 222
905 271 1012 306 ADAE
1045 272 1108 305 DE
1140 269 1346 305 MAlzlsco

428 393 579 434 salutis
615 391 883 445 compertum
919 392 982 430 est
1012 387 1111 443 jugi
1145 385 1454 429 benevolentia
1485 387 1741 443 propensius
1773 386 1837 428 in-

427 461 585 501 clinari.
649 458 836 500 Proinde
865 473 942 513 pro
984 456 1191 512 magistro
1213 455 1243 497 J
1247 455 1416 496 ohanne
1447 455 1708 506 Atchirche)
1742 455 1838 498 viro

427 529 546 583 cujus
598 527 753 569 merita
793 527 983 582 gratiosa
1025 524 1146 566 tituli
1181 524 1380 565 clariores
1414 523 1633 565 illustrare
1666 524 1837 580 dignos-

427 600 592 645 cuntur,
617 599 773 637 vestrae
795 594 986 650 supplico
1017 592 1292 648 benignitati,
1317 607 1472 648 rogans
1493 592 1707 634 attentius
1735 606 1839 648 qua-

426 669 553 706 tenus
575 665 713 705 eidem
736 662 954 705 salvandis
975 661 1204 703 animabus
1226 660 1458 716 magnifica
1481 660 1711 702 desudanti
1732 663 1839 702 stre-

426 734 606 783 nuitate,
630 734 779 774 contra
809 730 1078 786 litigantium
1110 728 1399 779 acrimoniam,
1423 732 1637 784 quatenus
1659 732 1703 771 et
1724 729 1840 784 cogit

420 802 543 856 justa
593 801 824 842 necessitas
878 803 922 841 et
965 798 1134 840 utilitas
1187 797 1260 854 pia
1303 797 1495 853 requirit,
1551 797 1838 839 desideratam

426 870 603 925 benigni
636 869 796 911 favoris
827 868 1013 924 gratiam
1045 866 1193 908 velitis
1221 866 1448 922 impartiri,
1473 866 1529 908 ob
1559 865 1733 908 beatam
1765 866 1838 907 be-

426 938 587 979 nedicti
622 937 862 978 Salvatoris
894 934 1314 991 contemplationem.

488 1006 643 1046 Valeat
675 1005 809 1054 Vobis,
850 1019 936 1056 oro,
971 1007 1015 1045 et
1051 1003 1176 1059 vigor
1213 1002 1414 1052 invictus,
1449 1006 1493 1044 et
1525 1017 1674 1044 sensus
1717 1002 1835 1044 inde—

429 1077 586 1130 ceptus,
622 1077 666 1115 et
697 1074 812 1115 zelus
845 1072 1084 1114 irremissus
1116 1072 1162 1112 in
1196 1070 1382 1121 Christo,
1417 1074 1493 1112 etc.

1051 1309 1210 1351 XCVI.

434 1417 711 1460 Honorabili
742 1417 853 1469 viro,
892 1416 1078 1459 <lomim
1099 1416 1145 1460 J.
1182 1415 1233 1457 (lc
1270 1414 1497 1463 Gramma,
1532 1414 1695 1457 Frater
1727 1414 1837 1456 Ada

549 1486 752 1538 solutam,
798 1490 836 1527 ct
875 1489 973 1540 post
1015 1499 1174 1540 pacem
1215 1484 1430 1540 temporis
1474 1483 1674 1539 ylowlcwn
1716 1487 1836 1526 (cter-

548 1553 723 1596 vitatis.

207 1664 405 1741 ξθὲξςξέῑῖᾗθ
495 1671 549 1712 In
581 1671 633 1712 iis
665 1686 760 1727 quse
793 1671 849 1713 ad
884 1670 1042 1712 animae
1078 1671 1264 1712 salutem
1305 1673 1350 1712 et
1386 1669 1593 1711 honorem
1641 1683 1836 1725 personae

206 1734 414 1794 PapalNun.
432 1743 620 1795 spectare
662 1742 980 1794 cognoscuntur
1026 1739 1137 1780 circa
1178 1739 1441 1780 carissimam
1483 1741 1641 1780 vestrae
1678 1737 1837 1779 sereni-

208 1798 390 1873 gffiassssdab-
432 1808 538 1849 tatis
590 1808 834 1857 amicitiam,
879 1810 1091 1862 quantum
1145 1807 1229 1848 mei
1276 1806 1416 1848 cordis
1463 1806 1616 1847 ardeat
1664 1806 1835 1848 affectio

208 1886 357 1918 solution.
431 1876 751 1931 qualiscunque,
784 1890 861 1916 nec
886 1875 1115 1926 immerito,
1137 1875 1307 1915 utinam
1338 1889 1551 1930 quemque
1582 1874 1735 1931 probet
1763 1889 1838 1930 per

429 1944 692 1986 executionis
725 1943 923 1984 effectum
954 1943 1141 1998 propitia
1174 1943 1422 1984 Divinitas!
1487 1942 1602 1985 Sane
1638 1942 1837 1984 stimulat

429 2027 547 2053 amor
578 2012 794 2061 sollicitus,
828 2015 879 2053 ut
911 2011 1026 2067 quod
1058 2026 1134 2068 per
1165 2011 1538 2053 obseomtionem‘2
1590 2012 1693 2053 viva
1733 2025 1836 2053 voce

430 2095 701 2135 nequaquam
731 2079 809 2121 feci
841 2079 1063 2131 hactenus,
1096 2095 1172 2135 per
1202 2082 1461 2136 praesentem
1492 2079 1687 2122 litteram
1715 2079 1838 2121 vobis

432 2149 585 2190 devote
617 2148 848 2199 suadeam3
892 2147 1102 2198 videlicet,
1144 2149 1179 2189 si
1211 2152 1356 2190 vestra
1386 2152 1546 2190 tremat
1578 2148 1838 2190 conscientia

432 2231 558 2271 super
591 2215 818 2270 aliquibus,
848 2215 895 2256 in
927 2216 1083 2271 quibus
1117 2231 1200 2272 pro
1231 2217 1517 2258 absolutionis
1550 2217 1757 2258 beneficio
1792 2219 1837 2258 et

432 2284 577 2324 favore
624 2284 954 2339 dispensationis
1001 2284 1113 2325 sedis
1155 2284 1417 2340 Apostolicae
1458 2285 1651 2340 specialis
1691 2285 1834 2341 gratia

432 2351 677 2406 requiritur,
721 2352 776 2392 ad
826 2351 1063 2407 benignum
1115 2355 1315 2409 patrem,
1343 2353 1520 2394 fratrem
1571 2352 1602 2394 J
1605 2353 1831 2404 ohannem,

431 2420 639 2460 nuntium
692 2419 857 2460 domini
904 2421 1046 2476 Papae,
1089 2421 1157 2462 cui
1199 2422 1244 2462 in
1283 2421 1444 2462 talibus
1491 2422 1716 2462 commissa
1767 2424 1833 2463 est

432 2487 714 2543 indulgentia*
757 2488 991 2542 spiritualis
1043 2489 1375 2542 administratio,
1427 2488 1624 2532 accedere
1675 2490 1833 2542 velitis,

433 2555 636 2610 quicquid
687 2556 878 2596 consulte
936 2558 1212 2612 poposceritis
1258 2557 1544 2613 impetraturi,
1597 2561 1831 2614 antequam

434 2623 573 2663 dictus
609 2622 742 2663 frater
778 2623 807 2664 J
811 2623 1001 2665 ohannes
1043 2625 1099 2666 ad
1132 2625 1309 2667 Curiam
1350 2629 1585 2668 revocetur.
1651 2625 1830 2668 Dudum

435 2704 737 2746 propsmueram
790 2705 917 2746 super
976 2692 1043 2733 his
1094 2693 1317 2735 vobiscum
1369 2694 1526 2736 habere
1579 2708 1829 2744 sermonem,

481 2891 488 2909 ¹
516 2889 572 2922 An
589 2890 643 2922 old
659 2890 889 2924 Lincolnshire
905 2891 1031 2936 family.
1096 2892 1102 2933 Ι
1169 2892 1182 2913 2
1205 2893 1370 2938 obreptans
1388 2893 1477 2928 MS.-
