1905 3180
668 246 902 279 EPISTsfflAE.
1384 242 1399 279 l
1413 243 1433 275 Γ
1442 242 1465 279 5

74 367 179 404 runt
225 364 332 419 legis
376 363 490 405 lator
540 365 608 405 vir
662 366 756 416 Dei,
806 366 1017 421 propheta
1065 365 1193 411 Elias,
1242 365 1466 405 Johannes

75 431 288 486 Baptista,
343 431 503 472 Paulus
561 433 806 487 Apostolus,
861 433 1108 488 Stephanus
1155 433 1466 487 Protomartyr,

75 498 271 539 Hilarius
325 499 604 551 Pictavensis,
664 500 932 542 Athanasius
988 500 1324 552 Alexandrinus,
1379 500 1469 540 Au--

73 566 272 622 gustinus
331 566 641 622 Hipponensis,
688 568 777 609 zelo
830 568 1020 610 zelantes
1075 582 1151 623 pro
1203 568 1331 608 domo
1386 566 1469 608 Dei

73 635 223 675 contra
276 634 556 681 Pharaonem,
609 635 855 687 Jeroboam,
903 635 1067 686 Achab,
1111 635 1294 690 impium
1333 634 1470 675 Hero-

73 701 180 749 dem,
228 702 444 743 nefarium
486 703 765 754 sacerdotem,
803 703 1158 759 superstitionem
1207 701 1466 752 Judaicam,¹

74 769 309 821 Liberium,
342 770 510 823 Arium,
547 771 771 822 Faustum,
806 772 879 826 qui
912 771 1185 813 subversores
1216 770 1339 825 regni
1374 770 1468 819 Dei,

72 837 346 879 clementiam
399 839 623 894 regiminis
669 839 716 879 in
754 839 1004 894 tyrannidis
1049 838 1323 880 atrocitatem
1376 851 1470 892 per-

71 908 303 956 vertentes,
347 921 622 961 nequaquam
684 907 803 962 prius
848 910 1165 962 cognoscuntur
1193 905 1345 946 ‘fuisse
1396 920 1469 960 ag-

70 973 215 1027 gressi,
261 988 391 1027 quam
435 974 659 1029 castigatis
705 975 953 1029 passionum
986 974 1342 1019 immoderantiis,
1381 987 1468 1014 non

69 1040 204 1081 illecti
247 1055 322 1095 per
361 1041 611 1092 blanditias,
666 1056 740 1097 per
783 1042 975 1083 fallacias
1018 1056 1105 1083 non
1150 1041 1327 1097 decepti,
1381 1054 1469 1082 non

69 1108 262 1163 perversi
298 1123 374 1163 per
415 1109 645 1164 nequitias,
690 1124 767 1165 per
797 1109 1031 1150 violentias
1064 1124 1151 1151 non
1183 1109 1384 1164 oppressi,
1421 1109 1468 1148 in

67 1175 331 1230 purissimos,
383 1176 429 1216 in
480 1176 750 1228 clarissimos,
803 1177 849 1217 in
902 1176 1194 1218 sanctissimos
1226 1176 1468 1217 coelestium

70 1242 379 1284 charismatum
427 1244 722 1285 ascendissent,
768 1259 974 1293 excessus,
1021 1248 1065 1285 et
1109 1243 1467 1285 excellentissime

69 1311 330 1352 transcensis
364 1314 454 1351 tam
492 1311 733 1366 voluptatis
775 1311 903 1353 foedae
939 1311 1139 1359 lasciviis,
1173 1326 1302 1365 quam
1335 1310 1470 1351 facul-

69 1378 175 1419 tatis
218 1393 342 1420 vanae
379 1379 578 1426 vesaniis7
613 1393 742 1434 quam
781 1383 824 1420 et
866 1379 1099 1434 dignitatis
1141 1378 1312 1420 caducae
1358 1393 1467 1434 prae-

70 1445 328 1494 eminentiis,
371 1446 426 1487 ab
460 1446 682 1487 altissimis
724 1450 986 1497 evocassent,
1020 1449 1064 1487 et
1097 1446 1246 1487 divina
1282 1446 1467 1501 patroci-

69 1513 153 1564 nia,
198 1517 241 1554 et
276 1514 470 1569 angelica
515 1514 728 1570 praesidia,
761 1518 805 1556 et
848 1515 1039 1555 humana
1084 1514 1308 1556 consortia.
1387 1514 1468 1554 Ni-

68 1581 227 1621 mirum
258 1595 347 1622 non
384 1584 450 1622 est
489 1583 886 1638 propugnatoribus
930 1583 1027 1623 coeli
1074 1582 1323 1623 colluctatio
1368 1595 1468 1623 con-

69 1651 138 1689 tra
169 1663 339 1690 carnem
375 1652 419 1690 et
454 1649 721 1705 sanguinem,
759 1650 868 1691 “sed
903 1651 1109 1691 adversus
1147 1653 1386 1706 potestates
1423 1653 1467 1691 et

70 1722 90 1737 “
119 1715 403 1772 principatus,
436 1721 589 1758 contra
610 1718 763 1759 mundi
786 1721 973 1759 rectores
995 1718 1274 1759 tenebrarum
1298 1718 1463 1766 harum,

71 1790 91 1804 ‘·‘
121 1788 272 1825 contra
302 1785 550 1839 spiritualia
582 1785 805 1841 nequitia¹
851 1786 898 1826 in
930 1786 1216 1827 coelestibus.”
1277 1785 1465 1826 Proinde

69 1866 166 1893 cum
188 1853 272 1893 mei
294 1852 430 1907 ipsius
452 1853 742 1907 iniquitatem,
767 1868 863 1894 cum
886 1854 969 1894 mei
992 1853 1127 1908 ipsius
1156 1852 1465 1907 insipientiam,

70 1934 167 1961 cum
189 1920 273 1960 mei
302 1920 437 1974 ipsius
470 1921 798 1961 immunditiam
834 1921 1002 1976 trepide
1036 1921 1267 1971 considero,
1292 1920 1346 1961 ad
1369 1923 1465 1961 tan-

70 1991 214 2028 tarum
240 2003 383 2029 rerum
415 1988 754 2030 immensitatem
783 1989 862 2029 vix
884 1988 1092 2029 anhelans
1126 1989 1242 2030 inter
1273 2002 1391 2044 spem
1421 1992 1465 2029 et

71 2056 412 2110 desperationem
445 2071 565 2111 paene
598 2056 760 2098 deficio.
827 2056 944 2107 Quid
977 2071 1077 2112 ergo
1114 2071 1220 2112 opus
1258 2056 1372 2097 facto
1406 2056 1465 2096 sit

70 2124 325 2171 haesitarem,
348 2124 431 2164 nisi
460 2124 655 2165 audirem
683 2124 793 2164 illud
815 2138 890 2179 per
919 2124 1033 2178 quod
1056 2125 1187 2165 etiam
1216 2125 1465 2165 excitantur

71 2192 289 2233 emortui:
345 2196 368 2213 “
387 2192 434 2233 Si
477 2192 693 2233 Dominus
733 2205 809 2247 pro
853 2192 980 2233 nobis
1021 2193 1117 2247 quis
1161 2196 1310 2234 contra
1352 2191 1465 2233 nos.''

71 2260 129 2300 Et
172 2259 312 2300 illud:
365 2259 570 2300 “Omnia
614 2274 787 2315 possum
832 2259 878 2300 in
929 2274 978 2301 eo
1024 2261 1099 2314 qui
1140 2275 1208 2301 me
1249 2259 1465 2301 confortat

71 2336 90 2348 “
125 2327 358 2368 Christusf’
420 2327 478 2368 Et
522 2327 657 2369 illud:
715 2332 737 2349 “
761 2328 816 2369 In
858 2328 1019 2369 mundo
1061 2343 1303 2384 pressuram
1335 2328 1465 2369 habe-

71 2401 93 2416 “
124 2395 238 2444 bitis,
285 2395 331 2436 in
372 2410 439 2436 me
480 2398 627 2437 autem
671 2410 845 2451 pacem,
878 2396 953 2438 sed
986 2396 1203 2446 confidite,
1241 2396 1344 2451 quia
1385 2410 1463 2451 ego

72 2470 91 2485 “
124 2463 209 2505 vici
241 2463 488 2504 mundum?

131 2531 348 2573 Concedat
380 2532 514 2587 igitur
542 2545 615 2573 oro
643 2531 734 2581 Ille,
774 2532 828 2574 ob
862 2531 982 2587 cujus
1014 2535 1105 2574 tam
1139 2535 1464 2588 perseveranter

71 2598 299 2641 decertatis
330 2600 750 2655 contemplationem,
774 2603 825 2641 ut
855 2615 945 2641 non
976 2600 1288 2642 obsistentibus
1320 2614 1463 2655 preca-

69 2667 237 2709 minum
278 2682 471 2709 meorum
513 2668 697 2717 offensis,
742 2681 907 2710 merear
949 2672 994 2710 et
1046 2683 1124 2724 ego
1170 2669 1263 2709 fieri
1305 2668 1464 2709 assecla

70 2736 375 2791 qualiscunque
409 2735 559 2791 agonis
587 2739 679 2777 tam
713 2736 942 2791 magnifici,
977 2736 1098 2791 cujus
1130 2735 1397 2784 meministis,
1421 2738 1464 2776 et

753 2914 760 2934 ¹
780 2914 844 2948 Sic.
