1905 3180
69 387 90 402 (ί

69 454 90 469 ί(

592 259 824 292 ΑΡΡΕΝΒΙΧ
857 261 936 293 ΧΠ.
1389 252 1469 295 611

124 381 340 423 ‘dictores
401 396 478 438 per
515 397 737 424 censuram
798 384 1132 425 ecclesiasticam
1178 384 1470 439 appellatione

124 455 132 470 ‘
154 450 397 505 postposita
443 451 758 504 compescendo,
804 466 892 492 non
939 452 1141 492 obstante
1194 452 1229 491 si
1276 452 1470 506 personis

66 523 85 537 “
121 517 369 571 ‘aliquibus
400 532 426 558 a
458 518 667 573 praedicta
714 518 813 559 sede
861 518 919 559 sit
966 519 1201 566 indultum,
1241 520 1358 573 quod
1404 519 1468 560 in-

70 589 91 604 ί(

68 657 90 672 Η

69 725 89 740 Η

125 589 134 604 ‘
156 584 320 634 terdici,
354 585 570 639 suspendi,
593 585 663 625 vel
695 586 1073 634 excommunicari,
1108 586 1312 641 quodque
1345 590 1470 628 extra

124 657 132 672 ‘
155 666 276 692 suam
319 652 537 693 dioecesim
583 652 629 692 in
667 653 830 692 curiam
875 653 1002 701 trahi,
1042 654 1112 694 vel
1163 654 1219 694 ad
1254 653 1469 708 judicium

124 724 133 738 ‘
154 719 325 760 evocari
356 733 444 760 non
477 718 644 775 possint
680 734 755 774 per
790 720 940 761 literas
987 720 1255 775 apostolicas,
1295 721 1468 776 plenam

123 792 131 806 ‘
153 789 197 826 et
228 800 474 842 expressam
528 801 617 827 non
658 786 864 828 facientes
898 788 950 828 de
997 787 1170 828 indulto
1217 787 1468 841 hujusmodi

123 857 132 874 ‘
154 853 430 900 mentionem,
464 857 509 894 et
541 854 853 895 constitutione
887 854 939 895 de
973 855 1142 896 duabus
1175 854 1302 896 dictis
1345 856 1464 896 edita

127 921 205 961 ‘in
250 920 431 961 concilio
468 921 671 976 generali,
720 936 886 962 necnon
934 922 1210 977 indulgentia
1242 936 1339 976 quae
1379 922 1465 963 fra·
1501 971 1506 976 1

124 987 295 1029 ‘tribus
327 988 393 1029 tui
436 988 597 1029 ordinis
629 1003 655 1028 a
685 988 866 1043 praefata
911 990 1009 1030 sede
1043 989 1203 1030 dicitur
1239 1003 1329 1030 esse
1360 1003 1460 1030 con-

125 1061 132 1075 ‘
156 1069 330 1105 cessum,
355 1055 470 1109 quod
493 1056 545 1096 de
577 1055 716 1097 causis
739 1070 835 1110 quae
868 1056 972 1111 ipsis
1004 1071 1030 1097 a
1061 1056 1160 1097 sede
1182 1057 1470 1098 comittantur

125 1127 133 1142 ‘
155 1122 305 1164 eadem
346 1137 389 1163 se
422 1123 672 1164 nullatenus
704 1123 1001 1165 intromittere
1033 1127 1280 1165 teneantur.
1345 1124 1465 1165 Data

122 1189 377 1245 ‘Anagniae,
412 1205 451 1231 X.
502 1190 677 1231 Cale-nd.
737 1190 949 1243 Octobris,
995 1191 1274 1246 pontificatus
1328 1191 1467 1233 nostri

126 1263 135 1277 ‘
157 1271 270 1298 anno
302 1257 466 1312 primos

130 1345 151 1359 ‘¹
183 1338 351 1380 Vestrae
392 1340 529 1395 igitur
573 1339 852 1380 universitati
902 1343 1055 1381 notum
1107 1340 1299 1389 facimus,
1355 1339 1471 1394 quod

125 1406 240 1448 dicto
273 1406 449 1448 domino
482 1407 617 1448 electo
650 1411 694 1448 et
732 1410 949 1448 conventu
1002 1407 1240 1448 NVintoniae
1288 1410 1332 1448 et
1375 1410 1490 1462 pro-⁷

123 1474 394 1516 curatoribus
426 1474 629 1529 ejusdem,
679 1489 844 1515 necnon
886 1477 1162 1529 procuratore
1206 1474 1372 1515 domini
1404 1474 1470 1515 W.

125 1542 176 1583 de
217 1542 421 1583 Taunton
454 1543 499 1582 in
532 1546 680 1583 nostra
711 1542 945 1597 praesentia
976 1542 1171 1597 legitime
1205 1542 1468 1590 constitutis,

123 1610 240 1666 apud
271 1609 543 1651 Wintoniam
576 1610 623 1650 in
654 1609 844 1665 capitulo
878 1609 1028 1650 Sancti
1062 1609 1295 1655 Switlmni,
1331 1610 1472 1651 dictus

124 1681 361 1719 conventus
393 1682 436 1719 et
468 1677 573 1718 dicti
605 1681 902 1732 procuratores
943 1677 1208 1718 destiterunt
1240 1677 1294 1717 ab
1337 1678 1474 1718 onmi-

123 1745 204 1786 bus
262 1745 415 1787 litibus
468 1749 512 1785 et
577 1745 893 1799 quaestionibus
953 1744 1185 1799 propositis
1233 1759 1288 1785 ex
1348 1748 1471 1799 parte

70 1819 90 1833 “
123 1813 357 1854 eorundem
390 1813 435 1852 in
481 1813 598 1853 curia
632 1812 828 1853 Romana
872 1816 1022 1853 contra
1054 1812 1239 1853 eundem
1272 1811 1468 1859 electum,

72 2020 93 2036 (ί

124 1884 168 1921 et
219 1880 586 1921 renunciaverunt
643 1880 803 1920 eisdem
857 1879 1065 1933 quamdiu
1119 1879 1260 1920 dictus
1313 1879 1472 1921 electus

125 1947 420 2003 episcopatum
454 1947 693 1988 Wintoniae
724 1948 924 1988 tenuerit.
989 1946 1130 1997 Quam
1174 1947 1473 1988 desistentiam

125 2018 170 2056 et
203 2015 575 2057 renunciationem
608 2015 699 2070 ipse
731 2015 893 2056 electus
925 2014 971 2054 in
994 2013 1184 2069 capitulo
1217 2015 1476 2069 acceptavit,

72 2082 283 2124 “Dictus
334 2097 438 2123 vero
503 2086 743 2124 conventus
790 2086 834 2123 et
896 2086 1194 2137 procuratores
1247 2083 1475 2123 memorati

74 2155 95 2171 (ί

127 2151 359 2205 protestati
411 2150 601 2198 fuerunt,
653 2150 769 2204 quod
800 2150 893 2204 ipso
926 2149 1060 2190 electo
1094 2149 1271 2190 cedente
1303 2149 1373 2191 vel
1404 2150 1476 2191 de—

127 2218 316 2267 cedente,
365 2217 496 2259 salvae
542 2217 630 2259 sint
673 2217 713 2257 ei
769 2231 916 2257 omnes
969 2216 1228 2271 quaestiones
1281 2231 1388 2272 quas
1431 2232 1474 2259 se

128 2285 280 2325 dicunt
321 2284 479 2327 habere
526 2288 676 2326 contra
720 2284 913 2325 eundem.
998 2283 1296 2325 Promiserunt
1344 2285 1475 2326 etiam

75 2358 95 2373 “
127 2355 172 2392 et
202 2357 502 2394 concesserunt
534 2353 650 2407 quod
681 2352 797 2406 prior
831 2355 874 2392 et
918 2351 1221 2392 obedientiarii
1264 2352 1475 2393 rationem

74 2425 97 2440 “
127 2420 406 2461 summariam
451 2421 542 2461 sive
585 2423 833 2475 compotum
877 2418 1059 2460 reddent
1102 2419 1154 2459 de
1203 2419 1478 2461 administra—

75 2493 97 2513 “
128 2486 321 2527 tionibus
353 2487 441 2528 suis
473 2487 589 2528 dicto
632 2486 807 2527 domino
849 2486 983 2527 electo
1037 2500 1114 2527 suo
1156 2490 1376 2541 perpetuo,
1411 2487 1483 2528 vel

76 2560 97 2574 “
130 2554 297 2595 duobus
330 2555 400 2596 vel
432 2555 572 2595 tribus
603 2554 711 2594 viris
743 2553 945 2603 honestis,
967 2567 1074 2608 quos
1105 2553 1160 2594 ad
1191 2553 1270 2594 hoc
1302 2554 1481 2608 deputa-

73 2626 94 2641 (ί

81 2694 101 2709 (ζ

81 2760 100 2775 (ί

80 2825 101 2842 ί(

126 2621 240 2662 verit
271 2621 385 2662 infra
415 2626 539 2677 septa
570 2620 822 2662 monasterii
856 2620 1004 2661 Sancti
1039 2619 1274 2671 Swithuni,
1298 2635 1482 2674 praesen-

134 2688 253 2729 tibus
299 2688 539 2730 senioribus
581 2691 819 2729 conventus
866 2687 1069 2741 ejusdem.
1153 2687 1338 2741 Insuper
1383 2702 1482 2743 sup-

132 2754 403 2808 plicaverunt
437 2756 551 2797 dicto
596 2755 770 2796 domino
816 2753 962 2803 electo,
1007 2754 1122 2809 quod
1153 2754 1189 2794 si
1223 2767 1352 2808 penes
1385 2768 1484 2796 eum

135 2821 281 2876 aliqua
311 2823 483 2865 residua
525 2823 577 2864 de
608 2822 733 2864 bonis
765 2822 983 2877 prioratus
1021 2821 1318 2870 remanserint,
1355 2821 1486 2865 faciat

1154 2891 1301 2937 QQ2
