1905 3180
662 238 897 272 EPIsTOLAE.
1390 227 1475 273 217

84 352 384 401 miserationis
433 353 617 394 nexibus
650 353 897 401 caudarum,
950 352 1029 393 hoc
1076 355 1141 393 cst
1185 353 1473 408 pertinacium

82 420 462 476 conspirationum,
523 425 568 462 et
607 421 770 462 fztcibus
836 420 1039 461 ardorum
1085 420 1266 476 ignium,
1317 421 1361 461 id
1409 423 1474 461 cst

80 488 283 530 ardorum
337 488 799 545 concupiscentialium,
853 488 969 544 apud
1020 492 1168 530 notam
1223 488 1474 544 Sampsonis

78 556 305 598 historiam
338 557 544 612 leguntur
579 556 921 612 consumpsisse?

141 632 257 684 Quid
289 632 425 688 igitur
457 633 576 674 aliud
608 636 769 675 restare
802 632 973 688 poterit,
1013 632 1073 673 mi
1112 632 1476 674 desideratissime

78 704 212 756 pater,
236 715 367 756 quam
399 705 449 742 ut
483 700 755 742 serenissima
787 700 1034 742 sanctitat-is
1070 699 1305 756 prudentia
1332 701 1476 741 fundi-

77 771 148 810 tus
180 768 443 810 exterminet
475 769 692 811 saecularis
723 769 948 824 sapientire
978 768 1192 824 caligines,
1220 783 1350 824 quain
1384 772 1475 810 tam

75 836 332 878 terribiliter
374 840 601 878 execratur
643 851 780 878 sermo
813 837 999 888 divinus,
1044 836 1121 877 ubi
1167 836 1257 878 ait:
1310 837 1475 887 “Quod

78 909 98 925 “
130 903 166 944 si
211 905 351 945 zelum
393 905 639 946 animarum
670 904 850 954 habetis,
885 908 929 946 et
964 905 1262 946 contentiones
1293 908 1398 945 sunt
1430 905 1475 945 in

77 976 99 994 “
132 972 331 1014 cordibus
363 973 531 1022 vestris,
567 973 702 1014 nolite
738 972 915 1027 gloriari
947 977 991 1014 et
1022 972 1248 1014 mendaces
1281 987 1370 1014 esse
1401 972 1475 1013 ad—

75 1044 97 1060 “
130 1054 277 1082 versus
323 1041 566 1082 veritatem.
649 1041 747 1082 Non
793 1043 858 1081 est
895 1041 1009 1081 enim
1041 1040 1256 1096 sapientia
1288 1040 1374 1081 ista
1405 1041 1475 1081 de-

75 1113 98 1128 “
130 1122 297 1149 sursum
321 1109 590 1157 descendens,
615 1108 690 1150 sed
711 1112 892 1156 terrena,
912 1108 1123 1155 animalis,
1148 1111 1191 1148 et
1214 1108 1475 1149 diabolica?

79 1181 101 1196 “
136 1176 228 1217 Ubi
261 1177 377 1217 enim
400 1177 517 1218 zelus
539 1180 583 1218 et
604 1176 835 1224 contentio,
860 1176 922 1217 ibi
944 1176 1239 1217 inconstantia
1271 1179 1315 1217 et
1346 1190 1472 1217 omne

74 1248 95 1266 “
129 1259 234 1300 opus
256 1260 438 1301 pravum
461 1244 498 1297 ;”
531 1248 576 1286 et
607 1248 807 1299 potenter
842 1244 1139 1285 conscendatis
1167 1244 1213 1284 in
1246 1258 1351 1293 eam,
1375 1258 1472 1298 quae

72 1312 268 1368 superius
308 1312 502 1361 irradiat,
537 1312 807 1368 sapientiam,
841 1311 1154 1367 subsequenter
1184 1311 1347 1352 ibidem
1382 1314 1471 1352 tam

71 1380 417 1422 desiderabiliter
449 1380 663 1421 divinitus
690 1379 959 1435 descriptam,
985 1379 1098 1434 quod
1132 1379 1201 1431 sit,
1238 1383 1259 1401 ‘⁵
1282 1379 1468 1434 primum

73 1452 93 1469 “
126 1448 302 1502 quidem
344 1448 509 1503 pudica,
555 1447 712 1488 deinde
752 1447 940 1502 pacifica,
980 1447 1188 1498 modesta,
1231 1447 1467 1496 suadibilis,

72 1515 249 1557 “bonis
302 1515 584 1567 consentiens,
636 1515 765 1570 plena
816 1515 1110 1556 misericordia
1161 1518 1206 1556 et
1256 1515 1469 1557 fructibus

71 1587 93 1605 “
124 1583 301 1635 bonis;’'
343 1583 397 1625 ab
435 1583 509 1624 illa
553 1583 759 1624 nimirum
797 1583 843 1624 in
880 1583 1011 1624 istam
1045 1597 1120 1638 per
1157 1586 1352 1624 sanctam
1386 1598 1469 1625 coe-

68 1651 189 1693 lestis
221 1651 315 1693 voti
349 1651 654 1707 professionem
677 1666 755 1692 vos
778 1650 859 1692 Ille
891 1652 1077 1701 vocavit,
1103 1651 1175 1706 qui
1199 1666 1275 1692 vos
1308 1651 1468 1707 eripuit

69 1719 121 1760 de
151 1723 368 1776 potestate
401 1719 677 1761 tenebrarum
720 1722 764 1760 et
806 1719 1034 1760 transtulit
1075 1719 1120 1760 in
1151 1734 1332 1774 regnum
1366 1719 1467 1760 Filii

68 1787 310 1829 dilectionis
342 1802 439 1829 suae.
503 1787 671 1842 Nempe
700 1786 935 1828 secundum
964 1787 1172 1828 Sanctum
1196 1788 1464 1843 Gregorium,

65 1855 184 1896 illius
231 1859 296 1897 est
345 1870 417 1897 cor
463 1854 858 1896 machinationibus
904 1859 1058 1910 tegere,
1108 1869 1279 1896 sensum
1322 1855 1465 1896 verbis

65 1923 219 1973 velare,
269 1923 483 1965 honorum
521 1923 710 1964 culmina
767 1937 967 1978 quaerere‚
1014 1923 1172 1978 adepta
1214 1925 1465 1979 temporalis

64 1991 214 2046 gloriae
261 1991 459 2032 vanitate
491 1991 688 2046 gaudere,
734 1990 926 2046 irrogata
977 1992 1031 2032 ab
1074 1991 1170 2032 aliis
1203 1992 1318 2033 mala
1354 1994 1464 2034 mul-

67 2058 254 2114 tiplicius
306 2058 483 2101 reddere
535 2073 633 2100 cum
689 2058 803 2100 vires
859 2062 1107 2114 suppetunt,
1162 2060 1463 2102 resistentibus

65 2127 212 2168 cedere
245 2141 342 2168 cum
373 2125 555 2168 virtutis
583 2126 850 2182 possibilitas
884 2127 1017 2175 deest,
1054 2127 1259 2183 quicquid
1291 2129 1462 2184 explere

63 2208 139 2250 per
169 2195 385 2236 malitiam
418 2209 506 2235 non
542 2195 669 2244 valet,
701 2194 779 2236 hoc
810 2195 856 2235 in
889 2195 1067 2250 pacifica
1099 2195 1298 2238 bonitate
1329 2197 1462 2238 simu-

61 2262 159 2304 lare.
224 2263 359 2304 Istius
402 2277 506 2304 vero
554 2266 619 2303 est
659 2262 770 2303 nihil
822 2277 899 2317 per
945 2263 1233 2305 ostensionem
1285 2265 1457 2320 fingere,

60 2345 231 2372 sensum
290 2330 434 2374 verbis
481 2331 658 2386 aperire⁷
703 2345 807 2371 vera
853 2334 905 2371 ut
958 2334 1060 2372 sunt
1115 2331 1305 2388 diligere,
1352 2333 1459 2375 falsa

61 2398 264 2448 devitare,
310 2399 425 2440 bona
455 2398 592 2454 gratis
625 2397 840 2450 exhibere,
877 2399 991 2440 mala
1034 2399 1242 2442 libentius
1274 2401 1458 2443 tolerare

61 2480 189 2520 quam
233 2467 382 2519 facere,
432 2466 598 2508 nullam
648 2465 820 2521 injuriae
867 2467 1077 2509 ultionem
1128 2483 1328 2523 quaerere,
1380 2485 1456 2525 pro

58 2534 246 2576 veritate
284 2534 591 2576 contumeliam
614 2534 702 2590 pati
728 2535 894 2576 lucrum
916 2539 1080 2591 putare.
1135 2536 1318 2593 Propter
1340 2539 1454 2593 quod

58 2600 109 2642 de
151 2602 342 2658 personis
379 2602 602 2657 religiosis,
648 2603 722 2657 qui
765 2617 842 2658 per
884 2618 1048 2644 sacram
1089 2604 1299 2660 regularis
1346 2606 1452 2648 vitae

57 2670 362 2724 professionem
393 2670 622 2726 peculiaris
666 2670 748 2711 Dei
780 2671 964 2726 populus
996 2686 1084 2712 esse
1121 2677 1448 2727 cognoscuntur,

60 2739 104 2777 et
139 2740 287 2778 tamen
328 2737 448 2778 illam
490 2737 566 2779 isti
612 2738 949 2793 praeponendam
987 2738 1202 2793 judicant,
1244 2743 1335 2781 tam
1368 2744 1451 2782 ter*

58 2804 246 2846 ribiliter
276 2805 454 2846 auditur
497 2805 648 2845 divina
679 2805 942 2860 conquestio,
976 2820 1061 2860 qua
1092 2807 1277 2848 dicitur:
1315 2808 1450 2849 “Duo

62 2877 84 2892 “
114 2875 290 2928 peccata
321 2872 421 2913 fecit
462 2873 645 2928 populus
692 2886 839 2913 meus:
875 2872 1196 2927 dereliquerunt
1242 2889 1309 2915 1116
1358 2875 1450 2916 fim-
