1905 3180
184 363 255 394 The
272 363 326 394 de-

183 417 345 448 gencracy

183 451 221 481 of
238 451 293 482 the

183 495 287 526 times.

412 237 467 275 90
883 242 989 273 ADAE
1021 242 1083 273 DE
1113 241 1310 274 MAmsco

404 364 449 401 ct
490 359 544 400 ad
596 358 918 401 beatitudinem
969 357 1201 414 proficiunt
1252 358 1496 408 mansueti3
1549 357 1707 412 quibus
1754 358 1802 398 111

404 427 730 483 praesentiarum
758 429 885 468 tanto
913 426 1171 482 vigilantius
1196 425 1485 468 insistendum
1511 440 1599 466 esse
1626 438 1801 481 cognos-

403 496 525 545 citur,
555 498 717 550 quanto
749 494 1060 536 multiformius
1088 494 1156 535 his
1187 494 1338 536 diebus
1370 493 1621 549 malignitas
1647 492 1801 548 impio-

402 578 498 605 rum
539 577 896 619 usquequaquam
942 562 1195 605 debacchari
1237 562 1530 617 conspicitur3
1579 564 1631 602 ut
1668 560 1800 601 etiam

402 631 518 687 quod
564 646 641 687 per
686 632 920 673 immanem
966 630 1157 672 hostium
1219 630 1384 671 rabiem
1435 629 1684 671 intentatur
1744 628 1800 670 ad

400 700 698 755 perditionem,
732 699 788 740 ad
816 699 1104 740 salvationem
1136 698 1392 755 disponatur
1419 713 1495 754 per
1518 697 1800 739 salvivificam

400 769 633 823 ])1·aesulu111
691 767 1052 819 sanctimoniam3
1107 781 1203 822 quae
1264 770 1368 808 tunc
1411 767 1583 808 demum
1628 764 1800 820 impleri

400 840 605 891 poterunt
656 836 692 877 ,(1
740 840 1010 877 coassumant
1067 835 1151 877 sibi
1203 835 1427 891 pontifices
1485 838 1530 876 et
1583 832 1800 888 adjutoria

399 904 558 955 valida,
601 908 645 945 et
694 904 879 945 discreta
921 903 1109 953 consilia,
1149 906 1194 944 et
1237 902 1482 944 ministeria
1534 900 1708 949 munda,
1755 904 1798 942 et

393 971 516 1026 justa
560 971 737 1026 judicia,
790 972 1076 1013 ecclesiastica
1129 971 1414 1012 nihilominus
1472 971 1797 1013 committentes

398 1039 689 1094 gubernacula
759 1039 857 1089 illis,
912 1054 1017 1094 quos
1089 1039 1308 1081 sententia
1380 1038 1620 1080 Salvatoris
1691 1053 1800 1094 11106-

400 1107 524 1162 cipua
579 1107 785 1148 describit
848 1107 1090 1163 diligentia.
1151 1107 1325 1148 dicens:
1393 1107 1554 1147 “Date
1606 1121 1629 1148 e
1675 1106 1798 1148 vobis

400 1175 572 1216 “viros
622 1175 838 1230 sapientes
882 1178 926 1217 et
974 1190 1142 1232 gnaros,
1190 1189 1372 1230 quorum
1421 1174 1692 1216 conversatio
1740 1174 1799 1215 sit

401 1247 422 1265 “
454 1243 638 1299 probata
668 1243 715 1284 in
760 1243 964 1285 tribubus
1001 1243 1099 1295 suis,
1143 1246 1188 1284 et
1232 1242 1344 1284 dabo
1391 1256 1461 1284 eos
1503 1242 1627 1284 vobis
1678 1242 1799 1297 prin-

400 1315 423 1333 “
455 1312 579 1366 cipes,
633 1310 849 1367 sapientes
913 1311 969 1352 ad
1032 1311 1267 1352 docendam
1310 1310 1543 1352 veritatem
1596 1310 1698 1351 fidei
1754 1313 1799 1352 et

400 1382 423 1401 “
456 1393 624 1420 morum
671 1379 956 1427 honestatem,
1017 1393 1174 1435 gnaros
1223 1379 1278 1419 ad
1327 1378 1619 1434 dispensanda
1659 1393 1798 1420 sacra-

400 1451 423 1468 “
454 1446 628 1488 menta¹
673 1447 770 1488 coeli
820 1450 863 1488 et
910 1447 1055 1488 saeculi
1113 1445 1345 1488 subsidia?
1409 1446 1797 1489 Conversationem

398 1514 625 1569 probatam
674 1515 721 1555 in
763 1514 966 1556 tribubus
1007 1514 1095 1555 suis
1143 1513 1264 1555 illam
1306 1528 1394 1555 6556
1435 1528 1532 1556 reor
1574 1529 1704 1569 quam
1749 1514 1798 1555 in

398 1582 538 1623 carnis
580 1582 865 1638 castigatione
908 1585 953 1623 et
994 1581 1326 1637 compunctione
1368 1580 1508 1623 cordis
1554 1582 1798 1637 probabilia

398 1649 620 1691 declarant
681 1653 939 1705 argumenta
990 1650 1105 1705 apud
1167 1649 1360 1705 singulas
1411 1649 1796 1692 ecclesiasticorum

397 1717 611 1772 graduum
638 1717 948 1760 distinctiones.

458 1785 566 1827 Haec
594 1786 883 1841 perfunctorie
910 1785 1240 1842 perstrinxerim
1272 1784 1408 1827 sciens
1438 1784 1495 1826 ad
1526 1800 1654 1840 quem
1687 1784 1795 1827 mihi

397 1866 549 1903 sermo,
591 1853 755 1895 scilicet
801 1853 855 1895 ad
906 1853 1027 1909 pium
1085 1853 1350 1895 sacerdotem
1406 1853 1668 1908 prudentem
1712 1854 1796 1895 elo-

398 1920 501 1975 quii.
567 1920 664 1962 Scio
687 1921 804 1976 quod
830 1921 988 1963 sufficit
1011 1921 1277 1962 occasionem
1307 1921 1562 1977 praestitisse
1595 1921 1793 1978 sapienti.

457 1989 596 2044 Super
646 1988 848 2031 salutaris
903 1989 1070 2045 negotii
1128 1989 1333 2031 dilatione
1380 1989 1496 2044 quod
1546 1993 1639 2031 tam
1684 1990 1795 2045 vigi-

395 2054 506 2098 lanti
553 2060 713 2099 sanctae
764 2057 1009 2099 sedulitatis
1073 2057 1300 2113 diligentia
1341 2057 1393 2098 de
1446 2057 1656 2099 fratribus
1701 2057 1794 2099 An-

395 2124 517 2179 glicis
555 2125 610 2166 ad
643 2124 899 2181 suffragium
932 2126 1162 2181 operandae
1202 2124 1354 2166 salutis
1393 2125 1517 2167 vobis
1553 2125 1793 2182 adjungen-

396 2190 473 2243 dis,
527 2207 598 2234 cor
648 2193 840 2235 saucium
887 2193 1010 2234 dolor
1060 2196 1252 2249 angeret,
1313 2192 1350 2234 si
1401 2207 1489 2234 non
1540 2192 1793 2235 indubitata

395 2260 730 2317 praesumptione
776 2261 1046 2311 confiderem,
1091 2261 1206 2316 quod
1258 2259 1506 2302 divinitatis
1564 2260 1793 2302 clementia

395 2327 548 2370 melius
605 2328 772 2384 aliquid
839 2328 1083 2385 disponens,
1152 2327 1277 2384 quae2
1340 2329 1414 2385 pia
1469 2331 1576 2371 vota
1636 2329 1791 2384 nequit

395 2395 597 2448 deserere,
649 2411 728 2452 pro
774 2411 823 2439 60
871 2397 986 2452 quod
1043 2396 1220 2453 pietatis
1271 2396 1417 2438 studia
1454 2410 1620 2452 semper
1669 2399 1791 2438 curat

395 2462 619 2518 inspirare,
650 2465 707 2506 ad
750 2464 984 2507 desiderati
1027 2464 1172 2506 exitus
1215 2464 1493 2506 cumulatiori
1525 2463 1668 2520 gratia
1696 2479 1789 2520 per-

396 2531 523 2572 ducet
554 2532 827 2588 benignitate
859 2532 1043 2589 provida
1074 2531 1499 2574 consummationem.
1563 2531 1789 2586 Siquidem

395 2597 595 2641 dominus
648 2600 894 2654 Lincolniae,
938 2604 982 2642 et
1030 2599 1216 2643 vicarius
1265 2599 1455 2642 ministri
1497 2598 1700 2655 Angliae,3
1743 2603 1789 2641 et

440 2793 672 2834 ¹sacramenti,
697 2793 771 2827 MS.
1121 2804 1174 2836 pp.
1208 2797 1261 2835 53,
1296 2797 1347 2834 63,
1382 2796 1455 2835 103,
1495 2793 1533 2826 of
1571 2792 1715 2826 Thomas
1754 2790 1792 2824 of

437 2846 450 2864 ²
465 2845 497 2883 ᾗ,
514 2845 588 2878 MS.
1123 2847 1223 2882 Gosk.
1273 2847 1334 2881 See
1350 2847 1453 2889 Epist.
1471 2846 1540 2879 lxx.

438 2893 449 2916 ³
472 2897 569 2930 Peter
601 2899 639 2931 of
686 2898 918 2942 Tewksbury?
991 2898 1052 2932 See
