1905 3180
415 235 499 275 298
900 241 1005 273 ΑΜΕ
1037 243 1098 273 DE
1127 239 1323 274 MARISCO

191 374 247 405 she
264 372 290 404 is
306 377 339 405 to
411 359 652 401 haeredibus
694 359 791 409 suis,
826 362 984 400 terram
1017 359 1250 408 Vasconiae,
1283 373 1338 400 ex
1380 358 1614 401 deliberato
1658 358 1810 400 discre-

190 418 351 492 gssrhtgrto
412 432 555 469 torum
601 430 868 469 tractatuum
916 427 1101 476 consiliO,
1150 442 1226 482 per
1274 427 1486 468 Divinum
1533 426 1806 482 adjutorium,

190 505 314 556 iqspirq
414 495 465 537 de
514 509 597 550 quo
641 510 763 551 spero
808 495 1108 536 indubitanter
1151 494 1266 550 quod
1316 495 1372 536 ad
1414 494 1671 536 laudabilem
1715 508 1809 549 per-

190 549 356 624 fflssssgmh
414 563 592 604 ducetur
638 563 1060 612 consummationem,
1122 563 1354 618 assumpsit
1384 562 1620 618 magnifice,
1653 565 1808 603 vestrae

191 637 338 669 cautious
412 631 634 672 serenitati
677 646 842 673 necnon
889 634 932 672 et
975 630 1199 681 universis,
1242 633 1480 672 memorato
1512 630 1660 671 comiti
1692 628 1809 670 fideli

190 682 348 713 counsels.
412 699 636 740 dilectione
678 699 895 754 copulatis,
930 699 974 739 in
1006 698 1153 739 laetam
1189 698 1448 739 Divinitatis
1478 697 1650 739 laudem
1681 696 1809 752 glori-

410 767 488 807 fice
535 767 693 808 debent
737 781 964 821 assurgere.
1045 765 1171 816 Quod
1202 766 1237 807 si
1268 781 1344 821 per
1375 764 1808 807 inconsiderationem

410 836 656 886 humanam,
679 840 825 878 tamen
855 851 909 878 ex
940 837 1184 877 intentione
1216 836 1436 886 laudabili,
1470 840 1547 877 aut
1577 835 1806 891 pactiones,

409 908 486 945 aut
517 905 688 955 foedera,
712 908 788 946 aut
809 909 1064 953 contractus,
1092 905 1235 945 minus
1257 919 1387 959 quam
1410 907 1627 959 oporteret
1648 918 1810 944 assecu-

408 970 563 1022 ratus,¹
599 987 694 1013 cum
726 972 1067 1013 immoderatiori
1099 972 1379 1027 pecuniarum
1411 972 1628 1021 effusione,
1661 974 1811 1012 tamen

407 1043 457 1080 ut
507 1040 681 1081 videtur
728 1055 870 1081 rerum
909 1040 1161 1081 necessitate
1208 1043 1378 1081 coactus
1418 1040 1575 1090 inierit,
1614 1043 1808 1081 vestrum

407 1109 488 1149 erit
519 1123 594 1163 per
625 1109 860 1163 piissimam
892 1108 1091 1163 benignfe
1121 1107 1512 1163 circumspectionis
1536 1107 1806 1157 industriam,

407 1177 579 1231 penitus
631 1177 804 1218 semotis
869 1176 1137 1218 irritantium
1193 1176 1388 1216 rixarum
1448 1175 1806 1223 contentionibus,

406 1244 452 1284 in
485 1244 639 1298 spiritu
681 1244 871 1285 lenitatis
914 1244 1056 1299 ipsum
1102 1244 1159 1284 ad
1202 1244 1370 1285 cautius
1412 1243 1724 1298 negotiandum
1757 1243 1808 1283 de

407 1315 560 1353 caetero
591 1326 666 1366 per
709 1311 1069 1366 tranquillitatem
1103 1312 1375 1353 consiliorum
1407 1312 1598 1367 dirigere.

467 1379 604 1434 Super
635 1394 684 1420 eo
716 1379 829 1433 quod
860 1379 1109 1428 mandastis,
1143 1380 1194 1420 de
1226 1379 1360 1421 fratre
1394 1379 1610 1435 Gregorio,
1656 1378 1810 1434 loquar

409 1449 597 1490 Domino
628 1450 825 1504 propitio,
860 1450 905 1490 in
937 1449 1070 1497 brevi,
1105 1464 1201 1490 cum
1233 1449 1342 1490 mihi
1373 1450 1628 1491 concedetur
1659 1464 1809 1505 oppor—

407 1517 581 1558 tunitas.
636 1517 893 1558 Benedictus
923 1517 1005 1558 Dei
1028 1517 1174 1565 Filius,
1198 1518 1318 1558 valet
1340 1518 1540 1558 dominus
1563 1517 1808 1559 Lincolniae.

408 1585 566 1625 Valent
589 1588 633 1625 et
664 1585 817 1639 inclyti
847 1584 971 1625 liberi
992 1585 1125 1625 vestri
1159 1585 1325 1640 jugiter
1356 1585 1408 1625 de
1439 1585 1552 1626 bono
1580 1585 1627 1625 in
1658 1585 1809 1625 melius

406 1652 684 1707 proficientes.
750 1651 969 1693 Concessit
1000 1652 1107 1692 mihi
1139 1652 1312 1693 domina
1334 1653 1485 1707 regina
1518 1652 1633 1707 quod
1663 1655 1811 1708 ageret

406 1720 521 1774 apud
552 1719 805 1774 magistrum
834 1719 1067 1774 Hugonem
1094 1720 1146 1760 de
1179 1719 1352 1760 Mortuo
1375 1719 1516 1767 Maris-³
1538 1722 1590 1760 ut
1621 1719 1678 1760 ad
1702 1722 1811 1761 tem-

406 1801 486 1841 pus
526 1787 572 1826 in
616 1801 717 1841 pace
765 1786 963 1827 dimittat
1009 1787 1267 1841 magistrum
1314 1786 1551 1827 Radulfum
1599 1787 1651 1828 de
1697 1787 1809 1828 Can-

405 1854 548 1894 tuaria
575 1858 618 1895 et
649 1853 872 1894 dominum
904 1853 1189 1894 willielmum
1213 1854 1264 1895 de
1295 1854 1338 1894 la
1370 1854 1499 1895 Hose.
1564 1854 1680 1905 Quid
1707 1853 1807 1895 inde

405 1923 480 1962 fiet
500 1922 648 1962 nescio.
688 1922 843 1962 Valeat
864 1921 1105 1962 nobilitatis
1127 1925 1283 1963 vestrae
1306 1921 1557 1976 dignissima
1588 1921 1811 1963 sinceritas

406 1989 452 2029 in
485 1989 656 2030 Christo
689 2004 856 2044 semper
899 1992 943 2030 et
986 1989 1237 2030 beatissima
1277 1989 1465 2044 Virgine.
1529 1988 1704 2030 Statum
1737 1989 1811 2030 do-

405 2056 513 2096 mini
555 2057 676 2112 regis,
712 2057 898 2098 dominae
942 2057 1116 2112 reginae,
1165 2057 1442 2112 praelatorum
1489 2059 1533 2098 et
1575 2071 1808 2112 procerum,

406 2123 506 2164 cleri
537 2127 580 2164 et
611 2124 769 2178 populi,
803 2124 849 2164 in
882 2139 1014 2179 regno
1051 2124 1236 2180 Angliae,
1271 2124 1471 2165 dominus
1502 2124 1532 2165 J
1536 2123 1725 2165 ohannes
1757 2124 1809 2165 de

405 2190 447 2230 la
480 2189 638 2245 Haye3
669 2191 955 2232 dominationi
986 2195 1144 2233 vestrae
1186 2192 1339 2234 melius
1375 2192 1592 2233 insinuare
1635 2191 1809 2233 valebit.

466 2257 633 2299 Iterum
666 2261 711 2299 et
742 2259 788 2299 in
820 2263 1033 2301 aeternmn
1065 2259 1256 2302 valeatis.

451 2447 458 2465 ¹
487 2445 550 2484 Sic,
567 2446 640 2479 MS.
1182 2449 1194 2468 ³
1219 2448 1280 2482 See
1296 2459 1326 2490 p.
1345 2451 1420 2480 268.
1470 2447 1563 2480 ‚John
1588 2446 1629 2478 de
1654 2446 1686 2478 la
1710 2445 1808 2488 Haye

450 2500 463 2518 ²
488 2499 615 2530 Official
638 2504 671 2531 to
687 2498 774 2541 Abp.
792 2498 952 2532 Bonifaee
976 2501 1077 2532 about
1139 2503 1217 2534 does
1233 2502 1337 2542 sealty
1354 2501 1406 2532 for
1421 2500 1476 2532 the
1493 2500 1587 2531 lands
1603 2499 1681 2530 held
1695 2499 1741 2540 by
1756 2498 1808 2529 his

411 2554 504 2589 1245,
528 2562 546 2582 a
573 2552 682 2583 native
706 2553 744 2583 of
762 2553 892 2585 Poitou.
939 2553 992 2585 He
1008 2564 1076 2585 was
1138 2554 1246 2586 father
1276 2553 1387 2593 Ralph
1426 2552 1460 2583 in
1490 2550 1741 2589 Lincolnshire,·
1766 2553 1807 2581 38

407 2613 489 2643 very
507 2603 610 2634 active
627 2604 659 2634 in
686 2604 853 2646 imposing
878 2605 985 2637 tallies
1013 2607 1078 2637 and
1138 2607 1226 2638 Hen.
1259 2606 1336 2645 ΙΙΙ.,
1372 2605 1462 2637 Α.1).
1505 2607 1599 2635 1254.
1661 2601 1710 2634 Of
1741 2601 1808 2633 this

408 2656 579 2688 exactions
604 2667 646 2687 on
674 2657 729 2688 the
755 2658 879 2699 olel-gy.
937 2658 998 2689 See
1022 2658 1077 2689 the
1139 2664 1310 2690 strenuous
1335 2657 1494 2689 adherent
1516 2661 1551 2687 to
1573 2655 1629 2687 the
1645 2654 1758 2685 House
1774 2652 1814 2684 of

408 2718 544 2750 passage
560 2709 646 2740 from
664 2710 804 2741 Somner
819 2710 853 2740 in
869 2710 924 2741 the
940 2710 1077 2750 Appen·
1138 2711 1314 2749 Leieester‚
1347 2720 1399 2741 see
1426 2709 1509 2740 Mrs.
1542 2706 1681 2741 Green’s
1712 2705 1809 2738 Prin-

409 2762 467 2792 dix
510 2766 543 2792 to
582 2761 649 2793 this
679 2763 811 2793 volume
859 2763 924 2793 and
971 2762 1076 2802 Epist.
1139 2773 1254 2802 cesseS,
1271 2763 1317 2793 H.
1338 2765 1410 2793 150.

410 2814 610 2846 CXXXIII.
654 2815 734 2846 Mat.
752 2815 848 2845 Paris
863 2815 936 2845 tells
952 2824 972 2845 a
987 2819 1079 2856 story

411 2866 448 2897 of
459 2866 511 2897 his
528 2865 780 2906 imperiousness
798 2866 831 2897 in
847 2869 939 2906 1255,
957 2876 987 2907 p.
1003 2869 1076 2897 905.
1101 2890 1104 2897 ,
