1905 3180
411 238 495 279 560
950 243 1184 274 APPENDIX
1219 242 1257 272 v.

470 369 630 411 Sextus
662 370 869 420 minister,
904 369 1039 411 frater
1071 368 1100 411 J
1106 367 1298 410 ohannes
1332 367 1383 408 de
1414 365 1685 420 Staunfo1‘d3
1716 367 1814 410 Lin-

408 438 492 480 niae
517 454 535 493 ]
546 442 650 480 acet.

469 506 690 562 Septimus
735 507 943 556 minister,
1002 506 1136 548 frater
1184 506 1338 548 Petrus
1371 504 1669 561 Swynesfled,
1698 504 1814 560 jacet

409 573 681 630 Leycestriae.

467 651 659 694 Octavus
691 653 899 704 minister,
934 652 1068 694 frater
1089 652 1118 694 J
1123 651 1314 693 ohannes
1348 652 1399 692 (16
1434 650 1814 707 Bungey,1nagis-

407 732 475 771 ter
509 728 720 781 Oxoniae3
747 730 865 785 jacet
898 729 1217 785 Norhampton.

468 797 622 840 Nonus
655 799 862 849 minister,
896 797 1030 839 frater
1076 797 1106 838 J
1110 797 1299 838 ohannes
1345 796 1564 847 Peccham,
1611 796 1816 852 magister

408 865 597 908 Parisius
641 870 685 909 et
732 867 778 908 in
825 866 943 908 curia
989 866 1198 914 Romana,
1236 864 1579 921 archiepiscopus
1625 863 1815 908 cantua-

407 934 570 977 riensis.

470 1002 673 1045 Decimus
737 1003 944 1051 minister,
1010 1002 1142 1044 frater
1188 1002 1342 1044 Petrus
1392 1001 1526 1058 Hugo
1587 1002 1638 1044 de
1685 1001 1815 1043 Bath-

409 1071 532 1113 oniae.

469 1139 740 1181 Undecimus
772 1139 981 1190 minister,
1016 1139 1151 1181 frater
1184 1138 1404 1180 Robertus
1448 1139 1500 1181 de
1547 1138 1694 1189 Cruce,
1729 1153 1814 1181 ma-

408 1208 542 1264 gister
576 1207 788 1259 Oxoniae3
814 1207 933 1262 jacet
966 1206 1290 1263 Briggewalter.

469 1284 761 1326 Duodecimus
804 1284 1013 1335 minister,
1060 1283 1194 1326 frater
1226 1283 1485 1325 Willielmus
1530 1284 1581 1325 de
1628 1283 1817 1340 Geynes-

408 1353 561 1409 burgh,
587 1353 658 1408 qui
694 1354 739 1394 in
772 1353 890 1396 curia
923 1353 1120 1394 Romana
1152 1352 1259 1409 legit
1291 1353 1478 1394 cursorie
1511 1356 1555 1395 et
1588 1352 1813 1403 ordinarie,

408 1421 557 1464 doctor
587 1421 826 1478 theologi-212,
861 1425 905 1464 et
938 1421 1160 1477 episcopus
1193 1421 1441 1478 Wigornife.

469 1498 641 1540 Tertius
673 1498 862 1540 decimus
893 1498 1100 1547 minister,
1134 1497 1267 1540 frater
1302 1498 1496 1555 Rogerus
1519 1498 1570 1541 de
1605 1497 1816 1540 Mersche-

409 1570 497 1617 ton,
534 1567 684 1609 doctor
716 1566 953 1622 theolsgiae.

472 1643 676 1686 Decimus
710 1648 889 1699 quartus
922 1643 1130 1692 minister,
1166 1642 1298 1684 frater
1317 1643 1450 1699 Hugo
1482 1643 1534 1685 de
1569 1642 1813 1700 Hertepole,

412 1712 560 1755 doctor
591 1712 846 1768 theologiae3
879 1711 995 1767 apud
1026 1710 1244 1752 Assisium
1269 1711 1397 1766 jacet.

471 1789 677 1831 Decimus
711 1788 890 1844 quintus
922 1788 1132 1838 minister,
1160 1788 1293 1830 frater
1323 1787 1467 1831 Adam
1500 1789 1552 1831 de
1586 1783 1813 1844 Ly'neolne,

412 1858 560 1900 doctor
591 1857 831 1914 theologiae.

472 1925 676 1968 Decimus
728 1929 878 1968 sextus
924 1924 1133 1976 minister,
1167 1924 1299 1967 frater
1346 1924 1464 1967 Rich.
1513 1927 1565 1968 de
1615 1926 1811 1978 Coniton‚

412 1995 561 2037 doctor
592 1994 832 2050 theologiae.

471 2072 675 2113 Decimus
713 2070 921 2126 septimus
963 2070 1172 2121 minister,
1207 2069 1340 2112 frater
1373 2070 1486 2112 Will.
1519 2070 1571 2113 de
1607 2070 1815 2129 Nothing-

410 2139 523 2189 ham,
559 2141 707 2181 doctor
738 2138 978 2195 theologiae.

472 2215 675 2257 Decimus
698 2218 876 2257 octavus
898 2215 1106 2266 minister,
1130 2214 1264 2257 frater
1287 2215 1481 2272 Rogerus
1504 2215 1555 2258 de
1579 2216 1810 2269 Denemed,

412 2284 562 2326 doctor
593 2284 822 2339 theologiae
855 2283 1157 2340 Cantebrugae.

471 2351 676 2393 Decimus
704 2365 846 2393 nonus
874 2351 1083 2401 minister,
1120 2352 1254 2394 frater
1285 2351 1314 2393 J
1319 2352 1508 2394 ohannes
1531 2353 1583 2394 de
1607 2353 1812 2409 Rodyng-

411 2423 501 2470 ton,
539 2420 687 2461 doctor
718 2419 948 2474 theologiae
983 2417 1179 2472 Oxoniae,
1220 2420 1271 2462 dc
1304 2420 1452 2462 cadem
1484 2422 1690 2464 custodia.

470 2496 712 2537 Vicesimus
788 2494 998 2545 minister,
1063 2495 1196 2538 frater
1268 2495 1298 2538 J
1302 2496 1492 2539 ohannes
1558 2498 1610 2539 de
1665 2497 1810 2548 WVent,

411 2564 560 2605 doctor
592 2562 819 2619 theologiae
853 2562 1048 2615 oxoniae,
1068 2563 1121 2605 de
1153 2564 1349 2607 custodia
1383 2565 1593 2617 Bristolle,
1627 2570 1671 2609 et
1696 2566 1811 2622 jacet

412 2630 692 2673 Herefordiae.

470 2707 710 2749 Vicesimus
743 2707 907 2762 primus
942 2707 1151 2757 minister,
1191 2707 1324 2750 frater
1361 2708 1618 2753 Williehnus
1666 2712 1809 2754 Tithe-

410 2775 585 2823 mersch,
620 2774 696 2829 qui
728 2774 889 2830 incepit
913 2774 1219 2831 Cantabrigiae,
1243 2777 1317 2831 qui
1348 2776 1434 2819 fuit
1465 2778 1688 2821 absolutus
1720 2813 1727 2821 .
1760 2813 1766 2820 .
1800 2813 1807 2821 .

410 2848 581 2898 tempus
612 2842 907 2884 ministrorum
939 2857 1225 2885 successorum
1256 2858 1439 2886 suorum.
