1905 3180
655 269 891 299 EPJs'roLAE.
1386 268 1460 309 471

601 450 704 492 CAP.
740 451 934 492 XXXII.

76 583 222 636 Quum
254 581 525 625 rationabili
563 583 737 625 (Zia-[nse
782 583 1142 639 ‹Zispensutionis
1184 588 1467 630 'moderamina

185 664 269 706 per
291 650 502 705 prcclccz‘os
533 656 571 693 ct
599 651 839 707 principes
865 667 960 708 par
993 653 1177 696 ecelesia>
1209 656 1469 710 &vaporalis

190 717 405 761 continue
434 719 690 762 conservari
721 719 877 762 debeat.

130 854 248 895 Num
300 854 386 896 ista
429 854 615 896 dixerim
667 858 717 896 ut
765 855 944 897 suadere
997 855 1127 898 Velim
1177 871 1230 898 110
1283 860 1466 900 rectores

71 923 341 965 ecclesiarum
388 938 431 964 se
475 923 697 978 accingere
744 924 934 965 debeant
977 928 1128 966 contra
1159 925 1466 968 tribulationes

69 1005 216 1048 pacem
248 991 579 1033 ecclesiasticam
610 992 947 1046 perturbantes?
1008 992 1310 1048 Nequaquam.
1365 994 1466 1036 Ete-

68 1059 158 1101 nim
193 1062 424 1115 postquam
467 1060 563 1101 Rex
603 1074 755 1115 regum
799 1064 842 1101 et
881 1061 1097 1102 Dominus
1132 1062 1464 1113 dominantium,

67 1142 143 1184 per
182 1142 431 1184 supremum
473 1128 539 1169 sui
574 1128 951 1184 omnipotentatus
988 1129 1232 1179 arbitrium,
1283 1134 1327 1171 et
1375 1146 1463 1172 cur-

67 1196 189 1238 vavit
235 1196 417 1252 imperia
463 1196 627 1247 mundi,
672 1199 716 1237 et
769 1197 922 1238 mundi
974 1182 1107 1253 regna
1138 1198 1376 1247 inclinavit,
1422 1203 1466 1240 et

67 1263 316 1305 humiliavit
361 1264 606 1320 potentiam
655 1265 819 1314 mundi,
867 1268 911 1306 et
953 1266 1107 1305 mundi
1148 1266 1331 1322 gloriam
1368 1282 1465 1322 pro-

67 1332 237 1382 stravit,
271 1333 350 1373 sub
397 1333 599 1388 praecelsa
647 1333 833 1374 ecclesiae
876 1348 965 1375 suae
1008 1334 1244 1375 sanctitate
1288 1335 1465 1376 condita

66 1403 166 1442 sunt
193 1400 295 1455 jura
334 1404 427 1442 tam
465 1401 669 1442 canonica
712 1416 843 1456 quam
885 1401 1043 1451 civilia,
1088 1417 1143 1444 ex
1185 1403 1465 1444 {eternalibus

66 1469 246 1510 decretis
287 1469 517 1520 Altissimi‚
570 1484 647 1525 per
696 1484 771 1511 ora
807 1469 1089 1525 praelatorum
1131 1472 1176 1512 et
1217 1470 1464 1526 principum

65 1536 274 1578 divinitus
335 1537 624 1593 promulgata,
689 1538 932 1579 coercendis
990 1538 1108 1594 pacis
1167 1538 1464 1581 ecclesiasticae

63 1605 420 1662 persecutoribus,
476 1606 815 1648 immutabiliter
869 1607 1104 1648 statuendo
1163 1610 1215 1648 ut
1268 1606 1316 1647 in
1369 1607 1464 1647 uni-

63 1673 195 1715 versis
231 1674 425 1715 omnium
465 1674 739 1716 ecclesiarum
777 1674 1003 1716 ordinibus
1038 1675 1209 1730 jugiter
1242 1689 1464 1716 conserve-

63 1743 135 1783 tur
165 1742 350 1798 sospitas
382 1746 596 1798 quantum
628 1743 684 1784 ad
718 1757 933 1798 personas,
970 1743 1141 1784 utilitas
1163 1746 1378 1798 quantum
1407 1743 1464 1784 ad

62 1809 338 1862 substantias,
371 1811 627 1853 immunitas
659 1814 876 1866 quantum
908 1811 963 1852 ad
997 1825 1157 1866 operas,
1192 1811 1462 1852 unanimitas

62 1882 272 1934 quantum
304 1880 360 1921 ad
391 1879 648 1921 concordias.
715 1879 768 1920 In
800 1879 868 1920 his
899 1879 1026 1929 enim,
1061 1879 1172 1920 sicut
1203 1879 1342 1934 liquet
1372 1879 1462 1920 evi-

61 1946 241 1998 dentius,
275 1951 427 1990 contra
468 1948 780 1999 concussiones,
824 1950 977 1989 contra
1019 1947 1269 1998 calumnias,
1313 1950 1463 1988 contra

61 2016 271 2072 angarias,
306 2019 458 2059 contra
490 2016 772 2059 contumelias
805 2016 1039 2057 dumtaxat
1083 2015 1269 2057 ecclesias
1298 2018 1460 2057 sancta}

60 2083 319 2139 providetur,
354 2088 398 2126 et
426 2085 646 2140 dignitati,
672 2087 715 2126 et
746 2084 953 2133 libertati,
978 2087 1023 2124 et
1056 2083 1382 2138 tranquillitati,
1418 2087 1462 2125 et

60 2152 281 2194 securitati
309 2153 588 2209 protegendis
616 2152 916 2194 indeficienter
946 2166 1023 2208 per
1054 2152 1298 2207 patrocinia
1326 2166 1462 2193 sacer-

61 2219 210 2262 dotum
247 2224 291 2263 et
331 2222 643 2277 imperatorum
681 2220 911 2276 adjutoria,
950 2223 1002 2261 ut
1033 2220 1209 2261 ccclesia
1244 2219 1329 2261 Dei
1370 2220 1460 2275 pla-

60 2287 154 2330 cida
208 2289 427 2331 suavitate
481 2289 713 2331 salubriter
758 2288 896 2340 vivat,
951 2289 1186 2330 secundum
1238 2288 1458 2339 mandata,

55 2355 228 2411 judicia,
262 2358 536 2407 ceremonias,
570 2361 614 2399 et
646 2357 857 2413 promissa
889 2356 985 2405 Dei,
1029 2357 1332 2412 amplectendo
1370 2357 1461 2398 seli-

62 2423 150 2465 cius
195 2426 402 2467 mandata
445 2441 522 2482 per
563 2425 748 2467 formam
790 2425 900 2466 bene
948 2425 1140 2475 vivendi,
1183 2425 1351 2480 judicia
1382 2439 1458 2479 per

60 2505 283 2535 censuram
332 2497 447 2536 recte
489 2494 730 2549 judicandi,
778 2493 1040 2535 ceremonias
1083 2506 1160 2549 per
1206 2492 1341 2533 ritum
1385 2492 1455 2547 pie

60 2559 237 2614 colendi,
275 2562 487 2618 promissa
518 2577 596 2618 per
630 2561 872 2617 profectum
905 2562 1034 2616 digne
1070 2560 1295 2617 gloriandi.
1361 2559 1455 2611 Quo

61 2627 138 2669 fiat
182 2633 233 2670 ut
285 2633 376 2672 rete
431 2630 716 2685 apostolicum
764 2644 943 2685 magnos
995 2632 1040 2671 et
1091 2642 1248 2684 pueros
1299 2627 1454 2683 capiat,

61 2695 219 2738 militia
261 2697 514 2740 Christiana
554 2698 687 2740 sortes
731 2700 775 2739 et
828 2697 991 2738 debiles
1048 2696 1236 2751 colligat,
1289 2694 1456 2736 familia

52 2762 275 2807 dominica
303 2766 543 2822 praecipuos
572 2769 617 2807 et
642 2765 821 2821 pusillos
843 2764 1075 2814 contineat,
1100 2763 1276 2805 ecclesia
1306 2764 1454 2804 sancta

61 2833 354 2889 suprapositos
407 2837 451 2876 et
501 2833 736 2876 submissos
787 2832 1135 2887 comprehendat,
1181 2831 1237 2872 ad
1277 2830 1451 2871 beatam

1485 862 1620 896 Princes
1632 865 1697 897 and

1483 909 1620 948 prelates
1633 915 1666 941 to

1483 962 1634 992 preserve

1484 996 1538 1027 the
1554 1007 1651 1037 peace=

1484 1041 1588 1073 ofthc

1484 1085 1619 1117 church.
