1905 3180
656 222 892 252 itrissoLAE.
993 241 996 245 .
1390 217 1471 260 279

77 335 315 376 atrocitatis
347 335 473 385 rabie,
498 339 541 376 ct
574 338 802 378 mundaum
828 338 1042 378 vastitatis
1074 339 1265 393 gloriann
1291 347 1334 380 ot
1368 341 1472 382 heti-

76 408 181 449 tiam
219 409 331 449 orbis
367 408 612 459 Christiani,
652 415 695 451 et
729 411 1019 453 ecclesiastica]
1057 413 1206 453 salutis
1247 416 1474 468 ]·›rotcctio—

74 491 182 527 nem,
207 480 250 518 et
284 477 570 519 defensionem
606 480 846 520 sanctitatis
877 480 1045 530 coelica),
1080 484 1168 521 tam
1199 482 1471 536 spectabilem

74 545 201 600 regiae
233 545 496 587 celsitudinis
526 546 795 601 majestatem
827 551 917 588 tam
940 548 1220 603 ignominiose
1250 550 1470 604 captivari,

72 615 163 653 tam
214 613 519 669 triumphalem
571 615 747 669 inclytae
798 616 1084 670 expeditionis
1144 616 1470 659 multitudinem

72 683 162 721 tam
205 682 448 723 calamitose
491 682 707 731 trucidari,
753 686 796 725 ct
843 683 1087 724 universam
1121 684 1298 724 humani
1331 688 1471 725 status

71 749 368 790 excellentiam
401 750 445 790 in
478 750 590 791 tanti
622 750 808 791 horroris
841 751 1158 792 subversionem
1195 752 1467 806 praecipitarL

71 816 250 858 desolati
293 818 488 859 moeroris
540 818 833 860 inconsolabili
880 819 1055 874 planctu
1107 834 1194 859 non
1247 819 1471 874 deplorat?

73 884 178 935 Quis
208 885 308 927 hinc
350 886 458 928 ferre
496 887 661 928 valebit
698 891 741 928 et
782 887 1082 929 insultationes
1114 888 1387 943 perfidorum,
1425 893 1469 930 et

70 954 426 996 subsannantium
474 955 698 1005 irrisiones
754 960 797 997 et
858 957 1057 998 scandala
1109 957 1389 1007 credentium,
1424 960 1469 998 et

69 1025 311 1064 sanctorum
342 1022 650 1078 blasphemias?
712 1023 813 1065 Non
845 1024 959 1065 enim
997 1024 1156 1065 frustra
1183 1024 1351 1079 judicat
1383 1023 1469 1066 Do-

68 1090 220 1139 minus,
274 1105 351 1132 nec
404 1091 688 1146 Omnipotens
739 1092 953 1134 subvertit
1005 1092 1119 1147 quod
1166 1092 1334 1146 justum
1393 1095 1467 1134 est.

69 1156 226 1199 Nonne
258 1173 352 1199 cum
391 1158 559 1213 flagello
602 1159 843 1200 attrivisset
889 1163 932 1200 et
969 1160 1232 1201 sublevasset
1263 1160 1310 1200 in
1341 1159 1468 1201 bene-

67 1225 213 1267 ficium
244 1226 576 1281 incorrigibilem
611 1226 848 1268 Pharaonis
884 1227 1164 1281 pervicaciam
1211 1227 1348 1282 ipsam
1392 1242 1467 1268 no-

66 1293 239 1335 vissime
281 1294 543 1335 immutabili
586 1295 811 1336 horrendae
852 1295 1004 1335 mortis
1044 1295 1259 1335 sententia
1289 1295 1468 1349 dissipa—

65 1361 161 1402 vit?
213 1361 370 1403 Nonne
404 1362 431 1403 J
437 1376 554 1403 oram
586 1377 727 1418 regem
762 1362 905 1411 Israel,
937 1365 1165 1417 postquam
1198 1362 1331 1417 ipsius
1372 1376 1467 1417 per—

64 1429 211 1470 fidiam
233 1429 474 1471 severitatis
504 1430 636 1485 justae
665 1429 914 1471 verberibus
936 1429 1164 1485 castigavit
1186 1433 1229 1471 et
1256 1430 1465 1470 relevavit

65 1496 373 1539 blandimentis
416 1497 499 1553 piae
552 1498 866 1548 consolationis,
922 1501 1069 1538 tamen
1118 1512 1214 1539 cum
1261 1497 1464 1539 interitus

64 1565 318 1606 atrocissimi
361 1565 580 1621 supplicio,
613 1566 752 1620 ipsum
798 1568 841 1606 et
884 1566 1129 1607 universam
1162 1565 1462 1621 cognationem

63 1647 139 1687 per
169 1633 375 1674 inauditae
418 1633 572 1689 stragis
609 1633 948 1675 effraenationem
987 1648 1012 1674 a
1053 1632 1158 1675 facie
1190 1636 1317 1674 terrae
1351 1633 1462 1674 dele—

63 1700 161 1742 vit?
222 1701 448 1756 Numquid
492 1701 547 1750 Is,
598 1701 713 1756 apud
756 1716 883 1756 quem
915 1716 1003 1742 non
1046 1705 1110 1742 est
1151 1701 1461 1742 transmutatio

62 1782 141 1809 nec
190 1768 498 1810 vicissitudinis
559 1769 831 1810 obumbratio
899 1769 1123 1823 antiquam
1186 1768 1459 1810 consiliorum

62 1836 374 1878 ordinationem
406 1836 568 1891 poterit
598 1838 799 1877 mutare?
830 1836 989 1887 Absit3
1026 1836 1117 1876 haec
1147 1835 1339 1876 breviter
1364 1849 1460 1890 per-

61 1904 308 1945 strinxerim
354 1908 405 1946 ut
456 1919 505 1945 ea
556 1904 717 1945 sollerti
769 1903 1010 1960 prudentiae
1064 1906 1218 1944 vestrae
1270 1903 1458 1945 conside-

61 1972 218 2013 rationi
249 1973 553 2028 pertractanda
582 1986 634 2027 pe
665 2005 834 2013 .....
863 1970 899 2022 3¹
953 1985 1104 2012 verum
1156 1974 1206 2011 ut
1245 1971 1371 2012 video
1413 1973 1458 2013 et

61 2039 302 2081 animosum
355 2044 399 2081 et
446 2041 797 2096 circumspectum
840 2043 883 2081 et
934 2039 1204 2088 benevolum,
1238 2053 1340 2093 erga
1379 2053 1456 2080 vos

60 2121 228 2163 quoque
273 2108 464 2150 suaviter
506 2108 706 2149 affectum
739 2107 895 2149 vellem
946 2107 992 2147 in
1035 2106 1119 2147 fide
1170 2109 1215 2147 et
1265 2105 1454 2148 lenitate.

59 2183 225 2236 Valeat,
258 2187 334 2226 etc.

102 2377 110 2397 ¹
135 2377 224 2409 Here
255 2377 311 2409 the
334 2377 459 2409 vellum
476 2376 535 2409 has
563 2377 646 2409 been
664 2381 719 2409 cut
788 2375 889 2417 being
915 2374 970 2407 the
994 2384 1106 2407 names
1119 2373 1158 2406 of
1178 2383 1314 2416 persons
1331 2373 1454 2404 known

53 2430 106 2461 for
121 2430 195 2462 half
215 2440 235 2462 a
251 2429 326 2462 line.
359 2424 431 2462 The
448 2431 556 2462 words
567 2430 715 2468 omitted,
786 2434 819 2461 to
846 2429 901 2460 the
926 2429 1014 2467 Earl,
1040 2428 1150 2459 which
1177 2428 1232 2459 the
1261 2426 1371 2459 writer
1398 2425 1455 2457 did

55 2482 93 2514 of
110 2483 221 2515 which
243 2483 324 2526 only
348 2493 437 2515 some
460 2482 568 2524 points
585 2493 715 2525 appear,
783 2486 841 2514 not
857 2481 939 2514 wish
954 2485 988 2513 to
1003 2482 1119 2522 betray
1132 2480 1187 2522 (?)
