1905 3180
657 246 891 278 EPISTOLAE.
1391 232 1475 277 107

701 370 853 413 XXII.

358 464 556 508 Domino
596 464 854 508 Lineolnioe
890 464 1052 508 Frater
1084 463 1203 506 Adeo.

142 564 267 607 Circa
321 567 489 606 statum
540 564 844 607 universitatis
901 564 1097 616 Oxoniae‚
1154 565 1368 619 quantum
1421 563 1701 615 111111151ηι165π

82 633 400 674 ordinationem
481 633 704 688 regiminis
781 633 953 689 providi
1030 636 1074 674 ct
1152 631 1475 672 imminentium

1493 620 1547 650 the
1569 620 1650 650 Uni·

1494 663 1616 704 vcrsity
1634 664 1672 694 of

81 701 420 743 commotionum
472 701 704 750 sedamina,
758 704 888 757 prout
940 700 1154 742 divinitus
1205 700 1474 750 concedetur,
1495 708 1633 740 Oxford.

82 784 250 811 necesse
303 773 369 810 est
420 768 739 811 disertitudinis
790 772 959 821 vestrae,
1011 768 1047 810 si
1097 768 1251 824 placet,
1303 768 1478 809 studeat

78 837 415 893 circumspectio,
467 838 635 879 consilii
686 837 935 878 maturioris
987 837 1233 878 adhibenda
1274 836 1476 887 remedia,

80 906 325 961 praesertim
367 906 413 946 in
450 906 515 957 iis,
553 921 649 961 quze
694 920 791 947 cum
834 905 965 946 rediit
1008 905 1218 961 magister
1261 905 1478 946 Robertus

83 974 133 1015 de
184 974 345 1016 Sancta
393 972 603 1030 Agatlia‚¹
653 973 777 1015 vobis
818 974 982 1029 poterit
1029 973 1257 1014 insinuare.
1323 972 1479 1014 Molos-

84 1045 178 1083 tum
209 1046 275 1083 est
304 1041 423 1093 mihi,
458 1042 493 1082 si
524 1041 828 1098 praesumcntis
860 1042 1122 1097 insipientiae
1166 1041 1480 1083 ccmtenmenda

82 1109 328 1151 sollicitudo
372 1110 589 1159 meruerit,
624 1114 675 1151 ut
712 1113 949 1164 antequam
981 1110 1238 1151 recederetis
1275 1109 1328 1151 de
1366 1110 1480 1149 Ban-

83 1178 278 1233 ncbyrhr,
323 1193 596 1234 nequaquam
640 1178 979 1234 praeciperentur
1025 1178 1117 1219 fieri
1164 1178 1217 1219 de
1260 1177 1386 1218 domo
1427 1177 1480 1217 dc

85 1246 356 1297 Godcstowe,
399 1249 444 1288 et
479 1246 577 1287 aliis
620 1246 893 1301 quibusdam,
939 1260 1035 1301 (11110
1076 1246 1264 1301 plurima
1303 1245 1481 1286 suadere

82 1317 262 1355 conatus
307 1328 403 1355 sum
440 1313 661 1355 instantia.
738 1313 944 1355 Intellexi
986 1329 1061 1369 per
1101 1313 1318 1355 credibilis
1359 1312 1483 1354 testi-

85 1381 219 1423 monii
279 1381 473 1422 sedulam
532 1381 829 1431 assertionem,
889 1381 1006 1437 quod
1063 1380 1324 1422 omnimodis
1377 1395 1482 1436 opus

85 1450 181 1502 erit,
244 1452 295 1490 ut
356 1448 537 1491 cautelae
599 1449 851 1490 maturioris
914 1448 1134 1504 exquisita
1195 1449 1482 1490 consideratio

83 1517 314 1574 provideat
346 1517 524 1559 celerius
570 1517 795 1559 transferri
838 1516 1012 1573 plenam
1055 1517 1482 1558 administrationem

83 1600 227 1628 rerum
259 1589 504 1627 vestrarum
550 1585 597 1626 in
629 1599 727 1627 eum
760 1584 835 1641 qui
880 1585 1103 1626 dominum
1149 1585 1179 1627 J
1183 1586 1397 1627 ohannem
1430 1585 1482 1626 de

85 1653 329 1696 Crakhale²
367 1657 433 1695 est
466 1668 746 1695 successurus,
817 1653 986 1695 Audivi
1020 1654 1136 1695 enim
1170 1655 1273 1696 dum
1315 1654 1362 1695 111
1404 1653 1483 1694 hac

82 1726 207 1778 parte
235 1736 390 1778 anceps
418 1722 580 1778 pendet
612 1721 869 1777 expectatio,
902 1721 1166 1764 detrimenta
1196 1737 1283 1763 non
1315 1722 1483 1763 modica

84 1805 161 1846 per
206 1788 373 1846 aliquos
416 1790 491 1846 qui
533 1789 713 1831 violatae
764 1789 867 1830 fidei
921 1789 1091 1846 culpam
1142 1804 1225 1832 non
1261 1793 1481 1842 verentur,

83 1858 209 1900 vobis
256 1857 553 1899 indesinenter
593 1857 826 1913 procurari,
870 1860 1047 1913 propter
1081 1858 1196 1913 quod
1237 1857 1482 1899 rationibus

85 1925 177 1967 sine
223 1939 355 1967 morae
400 1925 626 1980 dispendio
668 1924 864 1977 redditis,
899 1928 1192 1981 opportunum
1228 1925 1318 1967 fore
1355 1925 1480 1967 credo

84 1993 178 2035 fieri
210 1993 324 2048 quod
356 1992 554 2048 praedixi,
591 1995 636 2034 et
668 2007 765 2047 quae
796 1995 942 2034 vestra
973 1996 1077 2035 sunt
1108 1993 1188 2034 sub
1220 1994 1480 2035 certitudine

86 2076 310 2111 mensurae,
354 2061 534 2110 numeri,
571 2064 616 2102 et
649 2061 854 2116 ponderis
894 2064 1037 2103 custos
1078 2076 1216 2117 nuper
1247 2061 1480 2103 institutus
1497 2074 1590 2117 King
1606 2075 1644 2107 of

85 2129 302 2184 suscipiat.
376 2129 424 2170 Si
464 2128 762 2170 honorandam
799 2129 1055 2171 censueritis
1085 2129 1301 2186 virginem
1342 2130 1479 2171 filiam

1499 2120 1592 2151 Scots
1608 2129 1694 2150 mar-

1497 2163 1566 2195 ried
1574 2169 1606 2195 to
1616 2164 1704 2195 Mar-

85 2197 251 2239 domini
293 2196 417 2252 regis,
460 2196 515 2238 ad
558 2196 727 2238 instans
768 2197 1023 2238 natalicium
1071 2198 1163 2254 regi
1207 2198 1365 2240 scotiae
1408 2198 1479 2240 de-
1497 2208 1682 2247 garetd.0f

85 2265 385 2321 sponsandam,
418 2263 600 2320 alicujus
622 2264 821 2306 donativi
847 2265 1130 2321 competentis
1154 2265 1310 2322 gratia,
1332 2269 1480 2308 vestra

84 2348 188 2390 rogo
219 2333 380 2374 viderit
411 2332 639 2374 industria.

146 2401 389 2442 Plurimum
439 2399 641 2456 indigent
708 2400 909 2444 dominus
968 2415 1106 2445 comes
1158 2405 1203 2444 et
1261 2402 1481 2446 comitissa

86 2469 342 2524 Leycestriae
379 2468 427 2509 in
461 2468 790 2524 praesentiarum
826 2469 1072 2512 sanctitatis
1108 2474 1265 2513 vestrae
1301 2472 1481 2513 salutari

85 2537 273 2579 consilio.
335 2536 408 2578 Ita
439 2536 663 2578 videbitur
694 2540 748 2578 ut
778 2537 894 2594 quod
927 2538 1105 2594 implere
1135 2539 1289 2594 nequit
1318 2539 1479 2595 lingua,

84 2604 236 2647 littera
286 2604 493 2660 suppleat,
542 2604 778 2646 secundum
830 2605 946 2661 quod
989 2621 1117 2663 super
1166 2607 1294 2649 rebus
1344 2607 1482 2649 tantis

87 2672 253 2714 coelitus
284 2671 664 2714 administrabitur
696 2674 1007 2729 opportunitas.

135 2809 143 2830 ¹
168 2809 202 2843 A
240 2808 387 2843 Richard
436 2812 483 2853 (q.
530 2811 671 2852 Robert)
720 2812 753 2845 S.
861 2813 873 2832 ’-’
891 2813 951 2845 See
974 2810 1056 2846 Mat.
1084 2814 1159 2846 Par.
1185 2815 1308 2856 12877,
1332 2814 1396 2846 and
1427 2814 1481 2846 be-

90 2858 226 2905 Agatha
270 2874 336 2896 was
383 2864 580 2897 Chaucellor
620 2865 659 2897 of
699 2865 753 2897 the
817 2866 889 2903 low,
907 2876 936 2907 p.
958 2868 1029 2899 110.-

89 2916 288 2959 University
304 2917 404 2949 about
423 2919 515 2949 125&

1497 2247 1612 2294 Henry
1626 2252 1689 2283 ΠΙ.

1498 2295 1588 2328 Λ.1).
1610 2299 1702 2329 1251.
