1905 3180
681 246 918 281 EmsToLAE.
1412 241 1495 281 213

100 373 121 388 “
155 369 197 408 te
231 367 501 408 habitantem
535 368 581 408 in
619 367 810 409 scissuris
842 370 987 422 petrae,
1031 366 1298 407 exaltantem
1342 366 1496 407 solium

101 439 122 455 “
154 433 307 484 suum,1
353 435 427 490 qui
471 435 576 477 dicit
616 436 662 476 in
705 435 830 476 corde
874 449 977 475 suo:
1037 433 1171 484 ‘Quis
1211 433 1411 474 detrahet
1452 434 1497 473 in

99 507 119 523 “
154 508 162 523 ‘
183 506 355 551 terram,
402 502 437 543 si
482 504 700 544 exaltatus
749 502 870 543 suero
912 505 964 543 ut
1009 500 1202 556 aquila'tl’
1247 501 1341 542 Etsi
1384 502 1498 541 inter

98 575 120 590 “
152 570 293 611 sidera
321 571 514 625 posueris
546 571 699 612 nidum
737 574 873 619 tuum,
907 569 1007 611 inde
1041 569 1265 610 detraham
1299 572 1352 617 te,
1389 569 1497 609 dicit

154 638 409 679 Dominus.''

154 705 287 748 Hunc
318 721 418 748 sane
451 707 595 748 saeculi
626 721 796 748 sensum
819 705 1040 761 Scriptura
1061 704 1145 746 Dei
1176 703 1497 759 nuncupatione

94 773 290 815 draconis
313 774 514 815 insinuat.
565 775 655 815 Iste
677 789 861 829 namque
883 774 1053 822 haustu,
1078 772 1317 828 perplexu,²
1340 775 1383 812 et
1405 785 1497 812 vcr-

94 841 193 883 bere
219 841 387 883 letifero
418 843 618 884 mortalia
650 842 812 898 ingerit
843 841 1099 883 discrimina.
1156 840 1237 881 Ille
1263 854 1365 881 vero
1392 854 1498 895 pra*-

93 909 206 950 senti
238 910 574 951 novissimorum
607 910 772 951 dierum
807 924 902 965 qua}
935 924 1050 950 nunc
1082 912 1272 964 aguntur
1294 908 1498 962 tempori-

93 976 173 1017 bus
195 977 452 1032 periculosis,
478 981 528 1019 ut
549 978 709 1033 ubique
731 978 894 1032 prolem
918 978 1034 1033 pacis
1057 977 1231 1032 penitus
1253 976 1497 1031 extinguat,

92 1045 288 1086 exitiales
319 1046 465 1086 litium
491 1046 689 1101 exagitat
715 1045 956 1086 discordias.
1020 1045 1154 1096 Quasi
1183 1044 1372 1091 verbere,
1407 1043 1498 1083 vio-

90 1112 321 1153 lentiarum
355 1113 527 1167 injuriis
568 1114 841 1163 concutiens3
886 1113 1009 1167 quasi
1042 1112 1258 1168 pel-plexu,
1297 1111 1498 1152 fraudum

93 1180 387 1222 moliminibus
408 1181 613 1222 seducens
632 1197 639 1231 3
673 1181 794 1236 quasi
816 1181 986 1227 haustu,
1011 1179 1354 1221 assentationum
1375 1179 1498 1220 blan-

93 1248 211 1288 ditiis
243 1248 487 1297 absorbens,
521 1264 597 1304 per
628 1249 871 1290 inauditam
904 1248 1086 1289 frontosi
1118 1248 1276 1288 furoris
1306 1247 1498 1302 pervica-

92 1315 201 1356 ciam
234 1316 382 1357 orbem
414 1320 629 1358 terrarum
676 1331 834 1358 vexare
878 1331 965 1357 non
1009 1315 1188 1364 desistit,
1234 1315 1339 1356 adeo
1383 1315 1498 1369 quod

92 1398 364 1439 nequaquam
395 1384 453 1425 sit
485 1384 559 1439 qui
590 1384 833 1425 luculenter
863 1398 952 1424 non
985 1383 1226 1424 consideret
1258 1382 1498 1424 Sathanam

85 1451 178 1506 jam
210 1452 400 1493 solutum
432 1455 510 1493 aut
540 1453 586 1493 in
619 1451 740 1493 brevi
772 1451 1041 1501 solvendum,
1075 1450 1161 1491 nisi
1192 1465 1319 1505 quem
1352 1464 1499 1491 secun-

92 1519 194 1560 dum
228 1519 494 1575 Scripturam
527 1520 737 1575 percussit
771 1519 987 1560 Dominus
1026 1518 1232 1565 amentia,
1268 1522 1313 1559 et
1343 1517 1496 1565 furore,

91 1602 139 1628 ac
176 1587 368 1629 caeoitate
418 1589 587 1636 mentis,
621 1588 909 1643 palpitantem
957 1587 1136 1628 meridie
1179 1587 1292 1628 sicut
1324 1586 1497 1642 palpare

91 1656 199 1697 solet
231 1671 365 1698 caecus
398 1656 444 1697 in
476 1656 674 1697 tenebris.
744 1655 852 1707 Quis
885 1655 987 1710 ejus,
1022 1669 1151 1710 quem
1184 1670 1299 1696 nunc
1331 1655 1496 1709 loquor,

91 1723 370 1765 alnfractuosi
402 1724 613 1779 serpentis
644 1723 922 1779 perniciabile
954 1723 1076 1764 virus
1119 1737 1208 1764 non
1256 1722 1494 1769 exhorreat,

93 1806 220 1847 quem
270 1792 532 1833 incessanter
576 1792 786 1847 conspicit
832 1791 887 1832 ad
921 1791 1031 1831 nihil
1064 1790 1184 1831 aliud
1215 1789 1383 1830 inhiare
1415 1789 1499 1830 nisi

91 1863 142 1901 ut
185 1860 231 1900 in
277 1860 441 1915 proeliis
491 1859 880 1902 controversiarum
932 1862 975 1899 et
1027 1857 1341 1899 dissensionum
1388 1857 1498 1897 divi-

91 1927 231 1969 siones
273 1928 517 1977 exsuscitet,
562 1932 606 1969 et
647 1927 978 1968 altercationum
1026 1925 1252 1967 conflictus
1297 1925 1492 1974 concitet,

91 2001 136 2038 et
181 1996 485 2052 pervasionum
532 1995 782 2037 atrocitates
829 1997 1055 2036 exerceat?
1127 1993 1296 2044 Quibus
1328 2007 1496 2034 summa

91 2064 296 2119 MaJ'estas
342 2064 676 2119 blasphematur,
720 2077 904 2118 superna
956 2062 1109 2103 civitas
1152 2065 1421 2117 provocatur,
1455 2064 1499 2101 et

91 2132 283 2173 salvifica
319 2132 473 2173 caritas
520 2131 748 2178 sauciatur,
783 2131 902 2172 sedes
936 2129 1186 2185 Apostolica
1217 2129 1497 2184 inquietatur,

90 2200 362 2242 ecclesiarum
384 2200 668 2241 fundamenta
690 2198 946 2254 quatiuntur
967 2201 1011 2239 et
1031 2197 1285 2253 pontificum
1302 2197 1501 2253 praesidia

91 2272 409 2324 oppugnantur,
442 2271 664 2323 pastorum
708 2266 847 2308 officia
875 2266 1211 2322 praepediuntur,
1250 2265 1497 2307 clericorum

91 2336 292 2378 honestas
349 2336 585 2377 vilificatur
639 2339 682 2377 et
736 2335 980 2375 animorum
1028 2334 1142 2374 salus
1194 2334 1496 2379 contemnitur,

90 2405 262 2445 coeleste
294 2404 587 2445 sanctuarium
630 2403 895 2459 profanatur,
929 2401 1174 2443 devotionis
1205 2401 1500 2456 tranquillitas

92 2472 390 2513 diverberatur
421 2476 464 2513 et
489 2471 709 2526 religionis
741 2471 877 2526 gloria
908 2470 1191 2520 conculcatur,
1225 2470 1377 2510 domus
1407 2484 1499 2509 ora-

91 2540 222 2581 tionis
274 2540 516 2590 infesta-tur‚
563 2539 764 2595 spelunca
813 2539 1032 2579 latronum
1084 2537 1404 2578 concelebratur
1455 2539 1499 2577 ct

92 2608 224 2650 ovilia
255 2608 339 2649 Dei
370 2608 678 2663 pervaduntur,
718 2621 818 2648 oves
851 2605 1013 2648 Christi
1045 2605 1317 2654 devorantur,
1351 2619 1499 2660 greges

92 2676 310 2718 Dominici
332 2676 640 2732 disperguntur
661 2677 706 2716 et
726 2674 919 2716 subsidia
940 2687 1177 2729 pauperum
1200 2673 1498 2720 absumuntur,

98 642 120 658 6(

136 2836 144 2855 ¹
165 2835 230 2867 Sic.
748 2831 754 2875 1
840 2832 852 2850 ²
869 2831 934 2864 Sic.
974 2829 1145 2874 amplexu?
