1905 3180
643 299 777 329 musii
787 300 879 332 >mm
1374 295 1459 340 447

63 418 314 460 abbreviata
375 420 433 460 sit
489 434 644 460 manus
701 420 879 461 Domini
942 425 993 462 ut
1044 422 1210 462 salvare
1262 426 1457 476 nequeat.

63 485 235 535 Audiat,
303 501 417 542 rogo,
478 487 824 542 dispensatorum
882 488 1265 530 ecclesiastieorum
1320 490 1460 530 fidelis

62 553 315 604 obedientia,
359 555 466 609 quid
517 555 564 596 in
605 555 685 596 hoc
737 555 853 596 dicat
902 556 1155 597 Altissimus
1198 557 1460 598 Dominator

62 621 262 671 omnium,
317 626 362 663 et
413 623 656 663 animarum
707 622 894 663 Amator
939 623 1169 677 piissimus,
1225 625 1459 679 apostolico

61 689 236 730 culmini
288 694 332 731 et
384 691 528 732 ordini
578 690 864 731 ecclesiastico
911 691 1036 745 [Mat.
1074 692 1192 746 IX.]:
1251 698 1272 712 ‘⁵
1306 692 1459 733 Messis

63 757 288 812 “quidem
339 758 489 807 multa,
534 758 718 813 operarii
760 762 909 799 autem
950 759 1087 813 pauci.
1139 759 1306 814 Rogate
1359 774 1459 814 ergo

64 830 85 846 “
115 825 352 867 Dominum
404 826 565 875 messis,
618 830 670 866 ut
721 826 873 867 mittat
921 827 1139 882 operarios
1181 827 1227 867 in
1279 842 1459 868 messem

61 899 82 915 “
113 907 235 934 suam
253 893 288 944 3³²
343 908 496 936 revera
543 908 622 950 per
663 894 878 949 operarios
914 897 1114 944 rectores,
1159 910 1234 949 per
1275 909 1457 936 messem

59 961 264 1016 regendos
297 962 344 1002 in
374 962 632 1003 haereditate
667 962 848 1003 Domini
881 962 1068 1017 signans.
1133 963 1363 1017 Numquid
1395 964 1460 1003 in-

59 1030 356 1085 comparabilis
397 1030 700 1079 misericordia,
735 1030 895 1071 veritas
927 1031 1308 1080 incommutabilis,
1343 1031 1460 1085 quod

60 1098 332 1139 commendat
359 1098 615 1154 rogandum,
650 1102 804 1153 rogata
827 1098 1093 1154 denegabit?
1156 1098 1387 1153 Numquid
1423 1099 1459 1139 si

53 1165 178 1220 jubet
208 1169 260 1206 ut
292 1169 480 1221 petatur,
526 1180 625 1207 cum
667 1166 836 1221 petitur
873 1181 959 1206 non
997 1167 1236 1207 exaudiet?
1298 1167 1457 1207 Absit!

59 1232 186 1274 Absit
206 1232 380 1288 procul¹
407 1234 462 1274 ab
484 1234 714 1274 animabus
745 1234 998 1274 orthodoxis
1021 1234 1113 1275 haee
1135 1234 1459 1275 dementissima

56 1301 349 1357 perversitatis
383 1302 575 1343 insanae²
595 1302 776 1356 perfidia
799 1304 806 1342 Ξ
853 1302 1023 1357 Nempe
1048 1302 1272 1344 verissime
1288 1306 1458 1344 constat

60 1370 171 1424 quod
212 1370 420 1424 quiequid
466 1370 664 1425 praecipit
692 1365 908 1425 ¹postulari
941 1370 1186 1425 postulanti
1218 1371 1455 1426 praestabit,

59 1438 94 1479 si
133 1438 272 1479 fidelis
306 1438 424 1479 Deus
466 1438 655 1493 seipsum
692 1453 853 1493 negare
889 1453 979 1479 non
1033 1441 1189 1493 potest,
1233 1439 1457 1494 potissime

59 1520 153 1547 cum
185 1506 231 1547 id
263 1506 427 1548 sincero
464 1506 632 1547 fervore
664 1506 901 1561 flagitatur,
933 1521 1009 1561 pro
1042 1520 1128 1560 quo
1162 1506 1341 1548 dilectus
1374 1507 1458 1547 Dei

0 1581 1 1584 ’
59 1574 193 1615 Filius
223 1574 445 1630 placandae
479 1573 624 1615 Patris
646 1574 867 1629 majestati
899 1589 975 1630 per
1007 1574 1290 1616 altitudinem
1313 1575 1457 1616 divini

0 1682 2 1688 ,
58 1642 221 1683 consilii
253 1643 300 1683 in
332 1657 408 1683 ara
441 1642 578 1683 crucis
610 1642 875 1683 immolatur.
942 1642 1059 1693 Quid
1091 1647 1239 1684 autem
1271 1643 1351 1684 hoe
1380 1647 1455 1691 est,

0 1700 2 1721 ;
57 1710 139 1750 nisi
159 1725 234 1765 per
262 1710 487 1751 ministros
517 1709 612 1759 Dei,
637 1710 684 1751 in
716 1710 876 1766 populo
910 1710 1006 1761 Dei,
1041 1711 1271 1765 operandae
1303 1711 1456 1751 salutis

1 1802 3 1815 .
56 1778 254 1819 salutaris
284 1778 568 1833 adimpletio?
632 1784 651 1799 “
675 1777 807 1819 Unde
829 1778 1044 1827 voeabis,”
1073 1778 1231 1832 inquit,
1262 1784 1456 1820 “nomen

58 1851 79 1867 “
109 1846 197 1900 ejus
246 1846 410 1888 Jesum.
496 1846 594 1900 Ipse
647 1846 762 1887 enim
829 1846 999 1887 salvum
1051 1845 1182 1886 faciet
1246 1846 1455 1901 populum

60 1918 80 1935 “
110 1928 233 1955 suum
275 1929 301 1955 a
352 1914 540 1970 peccatis
593 1913 784 1955 e01·um.’'
863 1913 1156 1964 Quamobrem
1206 1913 1295 1955 ait:
1364 1919 1384 1934 ‘⁶
1408 1913 1455 1955 Si

57 1986 78 2003 “
109 1982 208 2036 quid
243 1982 457 2037 petieritis
491 1982 665 2023 Patrem
701 1981 749 2022 in
786 1982 961 2022 nomine
995 1995 1101 2029 meo,
1137 1980 1259 2022 dabit
1295 1980 1457 2022 vobis.’¹

58 2048 162 2100 Quis
194 2054 342 2092 autem
376 2053 452 2099 est,
477 2050 551 2105 qui
584 2050 698 2105 petit
720 2049 896 2091 Patrem
925 2049 971 2090 in
1004 2047 1107 2089 Filii
1128 2049 1316 2100 nomine,
1340 2049 1455 2103 quod

56 2120 119 2158 est
148 2117 178 2158 J
181 2132 275 2160 esus
306 2118 647 2174 interpretatum
690 2117 904 2166 salutaris,
938 2117 1021 2158 nisi
1058 2117 1133 2171 qui
1175 2130 1229 2158 ex
1269 2116 1453 2157 salutari

6 2212 7 2215 =
57 2189 273 2241 conceptu,
305 2201 382 2241 per
423 2187 659 2227 salutarem
693 2186 908 2234 affectum,
953 2185 1000 2225 in
1033 2184 1217 2226 salutari
1253 2185 1450 2231 obtentu,

7 2253 9 2288 ἕ
55 2253 271 2294 salvandis
301 2254 473 2309 populis
504 2268 580 2309 per
608 2253 820 2295 salutaria
852 2252 1107 2302 ministeria,
1140 2267 1238 2294 cum
1269 2252 1452 2293 salutari

57 2319 294 2363 Salvatoris
333 2322 589 2372 reverentia,
614 2312 908 2364 ¹elementiam
945 2320 1089 2363 Patris
1121 2320 1356 2362 salutarem
1386 2320 1452 2360 in-

9 2403 11 2414 1
55 2389 284 2444 terpeHat2

45 2610 51 2621 '
102 2601 247 2644 ¹proeul,
265 2615 328 2636 om.
346 2606 386 2637 B.
836 2607 848 2624 ‘⁴‘
866 2606 1014 2644 insaniae,
1032 2605 1070 2636 B.
