<?xml version="1.0" encoding="UTF-8"?>
<!DOCTYPE html PUBLIC "-//W3C//DTD XHTML 1.0 Transitional//EN"
    "http://www.w3.org/TR/xhtml1/DTD/xhtml1-transitional.dtd">
<html xmlns="http://www.w3.org/1999/xhtml" xml:lang="en" lang="en">
 <head>
  <title>
</title>
<meta http-equiv="Content-Type" content="text/html;charset=utf-8" />
  <meta name='ocr-system' content='tesseract 3.04.00' />
  <meta name='ocr-capabilities' content='ocr_page ocr_carea ocr_par ocr_line ocrx_word'/>
</head>
<body>
  <div class='ocr_page' id='page_1' title='image "./monumentafrancis01thom_0473.png"; bbox 0 0 1905 3180; ppageno 0'>
   <div class='ocr_carea' id='block_1_1' title="bbox 1435 240 1451 249">
    <p class='ocr_par' dir='ltr' id='par_1_1' title="bbox 1435 240 1451 249">
     <span class='ocr_line' id='line_1_1' title="bbox 1435 240 1451 249; baseline 0 0"><span class='ocrx_word' id='word_1_1' title='bbox 1435 240 1451 249; x_wconf 65' lang='lat' dir='ltr'><em>u</em></span> 
     </span>
    </p>
   </div>
   <div class='ocr_carea' id='block_1_2' title="bbox 631 240 1453 278">
    <p class='ocr_par' dir='ltr' id='par_1_2' title="bbox 631 240 1453 278">
     <span class='ocr_line' id='line_1_2' title="bbox 631 240 1453 278; baseline 0.007 -6"><span class='ocrx_word' id='word_1_2' title='bbox 631 243 863 274; x_wconf 67' lang='lat' dir='ltr'>nmsrorAE.</span> <span class='ocrx_word' id='word_1_3' title='bbox 1371 240 1453 278; x_wconf 63' lang='lat'>310</span> 
     </span>
    </p>
   </div>
   <div class='ocr_carea' id='block_1_3' title="bbox 44 355 1452 2848">
    <p class='ocr_par' dir='ltr' id='par_1_3' title="bbox 44 355 1452 1560">
     <span class='ocr_line' id='line_1_3' title="bbox 53 355 1449 412; baseline 0.005 -17"><span class='ocrx_word' id='word_1_4' title='bbox 53 355 293 410; x_wconf 74' lang='lat' dir='ltr'>quicunque</span> <span class='ocrx_word' id='word_1_5' title='bbox 340 355 522 397; x_wconf 82' lang='lat' dir='ltr'>fratrum</span> <span class='ocrx_word' id='word_1_6' title='bbox 568 357 674 398; x_wconf 90' lang='lat' dir='ltr'>mihi</span> <span class='ocrx_word' id='word_1_7' title='bbox 718 358 763 398; x_wconf 85' lang='lat' dir='ltr'>in</span> <span class='ocrx_word' id='word_1_8' title='bbox 807 357 1071 412; x_wconf 71' lang='lat' dir='ltr'>adjutorium</span> <span class='ocrx_word' id='word_1_9' title='bbox 1120 362 1211 400; x_wconf 81' lang='lat' dir='ltr'>tam</span> <span class='ocrx_word' id='word_1_10' title='bbox 1248 361 1359 401; x_wconf 73' lang='lat' dir='ltr'>varii</span> <span class='ocrx_word' id='word_1_11' title='bbox 1405 364 1449 402; x_wconf 87' lang='lat' dir='ltr'>ct</span> 
     </span>
     <span class='ocr_line' id='line_1_4' title="bbox 51 423 1451 482; baseline 0.005 -20"><span class='ocrx_word' id='word_1_12' title='bbox 51 426 141 463; x_wconf 86' lang='lat' dir='ltr'>tam</span> <span class='ocrx_word' id='word_1_13' title='bbox 173 423 365 464; x_wconf 87' lang='lat' dir='ltr'>continui</span> <span class='ocrx_word' id='word_1_14' title='bbox 407 424 565 465; x_wconf 84' lang='lat' dir='ltr'>laboris</span> <span class='ocrx_word' id='word_1_15' title='bbox 608 425 738 467; x_wconf 81' lang='lat' dir='ltr'>suerit</span> <span class='ocrx_word' id='word_1_16' title='bbox 769 426 1011 475; x_wconf 81' lang='lat' dir='ltr'>associatus,</span> <span class='ocrx_word' id='word_1_17' title='bbox 1046 428 1286 482; x_wconf 75' lang='lat' dir='ltr'>postposito</span> <span class='ocrx_word' id='word_1_18' title='bbox 1323 429 1451 470; x_wconf 80' lang='lat' dir='ltr'>ec‹·le-</span> 
     </span>
     <span class='ocr_line' id='line_1_5' title="bbox 51 490 1451 549; baseline 0.005 -19"><span class='ocrx_word' id='word_1_19' title='bbox 51 490 208 531; x_wconf 86' lang='lat' dir='ltr'>siastici</span> <span class='ocrx_word' id='word_1_20' title='bbox 240 491 405 532; x_wconf 88' lang='lat' dir='ltr'>sudoris</span> <span class='ocrx_word' id='word_1_21' title='bbox 437 493 650 542; x_wconf 80' lang='lat' dir='ltr'>exercitio,</span> <span class='ocrx_word' id='word_1_22' title='bbox 684 493 808 534; x_wconf 88' lang='lat' dir='ltr'>illum</span> <span class='ocrx_word' id='word_1_23' title='bbox 833 493 998 549; x_wconf 85' lang='lat' dir='ltr'>jugiter</span> <span class='ocrx_word' id='word_1_24' title='bbox 1029 495 1246 549; x_wconf 85' lang='lat' dir='ltr'>oportebit</span> <span class='ocrx_word' id='word_1_25' title='bbox 1278 496 1451 537; x_wconf 82' lang='lat' dir='ltr'>defecti-</span> 
     </span>
     <span class='ocr_line' id='line_1_6' title="bbox 50 557 1452 616; baseline 0.004 -18"><span class='ocrx_word' id='word_1_26' title='bbox 50 557 130 598; x_wconf 89' lang='lat' dir='ltr'>bus</span> <span class='ocrx_word' id='word_1_27' title='bbox 161 558 266 599; x_wconf 89' lang='lat' dir='ltr'>meis</span> <span class='ocrx_word' id='word_1_28' title='bbox 293 559 553 614; x_wconf 77' lang='lat' dir='ltr'>supplendis,</span> <span class='ocrx_word' id='word_1_29' title='bbox 577 564 620 602; x_wconf 90' lang='lat' dir='ltr'>et</span> <span class='ocrx_word' id='word_1_30' title='bbox 651 561 733 602; x_wconf 81' lang='lat' dir='ltr'>viis</span> <span class='ocrx_word' id='word_1_31' title='bbox 764 561 870 602; x_wconf 88' lang='lat' dir='ltr'>meis</span> <span class='ocrx_word' id='word_1_32' title='bbox 901 561 1146 616; x_wconf 79' lang='lat' dir='ltr'>dirigendis,</span> <span class='ocrx_word' id='word_1_33' title='bbox 1178 566 1221 604; x_wconf 87' lang='lat' dir='ltr'>et</span> <span class='ocrx_word' id='word_1_34' title='bbox 1253 564 1452 605; x_wconf 82' lang='lat' dir='ltr'>oneribus</span> 
     </span>
     <span class='ocr_line' id='line_1_7' title="bbox 50 625 1452 686; baseline 0.004 -20"><span class='ocrx_word' id='word_1_35' title='bbox 50 625 155 667; x_wconf 87' lang='lat' dir='ltr'>meis</span> <span class='ocrx_word' id='word_1_36' title='bbox 186 628 490 682; x_wconf 87' lang='lat' dir='ltr'>supportandis</span> <span class='ocrx_word' id='word_1_37' title='bbox 535 628 740 679; x_wconf 86' lang='lat' dir='ltr'>insistere,</span> <span class='ocrx_word' id='word_1_38' title='bbox 775 628 906 670; x_wconf 84' lang='lat' dir='ltr'>etiam</span> <span class='ocrx_word' id='word_1_39' title='bbox 938 644 1258 685; x_wconf 72' lang='lat' dir='ltr'>nonnunquam,</span> <span class='ocrx_word' id='word_1_40' title='bbox 1305 632 1338 671; x_wconf 82' lang='lat' dir='ltr'>si</span> <span class='ocrx_word' id='word_1_41' title='bbox 1371 632 1452 686; x_wconf 65' lang='lat' dir='ltr'>ipsi</span> 
     </span>
     <span class='ocr_line' id='line_1_8' title="bbox 48 693 1442 753; baseline 0.004 -20"><span class='ocrx_word' id='word_1_42' title='bbox 48 693 339 748; x_wconf 70' lang='lat' dir='ltr'>geminaretur</span> <span class='ocrx_word' id='word_1_43' title='bbox 401 699 444 737; x_wconf 91' lang='lat' dir='ltr'>et</span> <span class='ocrx_word' id='word_1_44' title='bbox 495 696 634 737; x_wconf 81' lang='lat' dir='ltr'>virtus</span> <span class='ocrx_word' id='word_1_45' title='bbox 685 700 729 738; x_wconf 87' lang='lat' dir='ltr'>et</span> <span class='ocrx_word' id='word_1_46' title='bbox 779 697 992 738; x_wconf 81' lang='lat' dir='ltr'>industria</span> <span class='ocrx_word' id='word_1_47' title='bbox 1043 701 1086 738; x_wconf 91' lang='lat' dir='ltr'>et</span> <span class='ocrx_word' id='word_1_48' title='bbox 1138 698 1442 753; x_wconf 84' lang='lat' dir='ltr'>longanimitas</span> 
     </span>
     <span class='ocr_line' id='line_1_9' title="bbox 50 760 1451 820; baseline 0.003 -19"><span class='ocrx_word' id='word_1_49' title='bbox 50 760 180 802; x_wconf 85' lang='lat' dir='ltr'>Absit</span> <span class='ocrx_word' id='word_1_50' title='bbox 207 762 341 817; x_wconf 88' lang='lat' dir='ltr'>igitur</span> <span class='ocrx_word' id='word_1_51' title='bbox 371 778 397 804; x_wconf 92' lang='lat' dir='ltr'>a</span> <span class='ocrx_word' id='word_1_52' title='bbox 427 778 495 805; x_wconf 90' lang='lat' dir='ltr'>me</span> <span class='ocrx_word' id='word_1_53' title='bbox 526 764 610 805; x_wconf 87' lang='lat' dir='ltr'>ista</span> <span class='ocrx_word' id='word_1_54' title='bbox 638 764 881 819; x_wconf 86' lang='lat' dir='ltr'>tyrannidis</span> <span class='ocrx_word' id='word_1_55' title='bbox 918 764 1127 820; x_wconf 60' lang='lat' dir='ltr'>impietas</span> <span class='ocrx_word' id='word_1_56' title='bbox 1161 769 1212 806; x_wconf 92' lang='lat' dir='ltr'>ut</span> <span class='ocrx_word' id='word_1_57' title='bbox 1243 766 1373 806; x_wconf 88' lang='lat' dir='ltr'>velim</span> <span class='ocrx_word' id='word_1_58' title='bbox 1406 766 1451 805; x_wconf 90' lang='lat' dir='ltr'>in</span> 
     </span>
     <span class='ocr_line' id='line_1_10' title="bbox 49 829 1451 888; baseline 0.003 -19"><span class='ocrx_word' id='word_1_59' title='bbox 49 829 230 884; x_wconf 73' lang='lat' dir='ltr'>praefato</span> <span class='ocrx_word' id='word_1_60' title='bbox 274 831 406 873; x_wconf 82' lang='lat' dir='ltr'>fratre</span> <span class='ocrx_word' id='word_1_61' title='bbox 450 835 594 873; x_wconf 85' lang='lat' dir='ltr'>tantos</span> <span class='ocrx_word' id='word_1_62' title='bbox 647 832 806 874; x_wconf 72' lang='lat' dir='ltr'>divinae</span> <span class='ocrx_word' id='word_1_63' title='bbox 853 833 1185 888; x_wconf 84' lang='lat' dir='ltr'>dispensationis</span> <span class='ocrx_word' id='word_1_64' title='bbox 1236 834 1451 888; x_wconf 81' lang='lat' dir='ltr'>profectus</span> 
     </span>
     <span class='ocr_line' id='line_1_11' title="bbox 50 899 1450 956; baseline 0.004 -19"><span class='ocrx_word' id='word_1_65' title='bbox 50 899 127 937; x_wconf 84' lang='lat' dir='ltr'>aut</span> <span class='ocrx_word' id='word_1_66' title='bbox 172 899 400 948; x_wconf 79' lang='lat' dir='ltr'>attenuari,</span> <span class='ocrx_word' id='word_1_67' title='bbox 434 903 511 940; x_wconf 85' lang='lat' dir='ltr'>aut</span> <span class='ocrx_word' id='word_1_68' title='bbox 558 900 777 949; x_wconf 86' lang='lat' dir='ltr'>retardari,</span> <span class='ocrx_word' id='word_1_69' title='bbox 824 904 901 942; x_wconf 84' lang='lat' dir='ltr'>aut</span> <span class='ocrx_word' id='word_1_70' title='bbox 946 901 1145 956; x_wconf 84' lang='lat' dir='ltr'>impediri</span> <span class='ocrx_word' id='word_1_71' title='bbox 1178 901 1233 942; x_wconf 91' lang='lat' dir='ltr'>ob</span> <span class='ocrx_word' id='word_1_72' title='bbox 1265 902 1450 956; x_wconf 53' lang='lat' dir='ltr'>privata}</span> 
     </span>
     <span class='ocr_line' id='line_1_12' title="bbox 50 965 1451 1010; baseline 0.003 -5"><span class='ocrx_word' id='word_1_73' title='bbox 50 965 365 1007; x_wconf 67' lang='lat' dir='ltr'>commoditatis</span> <span class='ocrx_word' id='word_1_74' title='bbox 425 968 816 1009; x_wconf 77' lang='lat' dir='ltr'>considerationem.</span> <span class='ocrx_word' id='word_1_75' title='bbox 901 968 1147 1010; x_wconf 72' lang='lat' dir='ltr'>Praesertim</span> <span class='ocrx_word' id='word_1_76' title='bbox 1199 984 1296 1010; x_wconf 91' lang='lat' dir='ltr'>cum</span> <span class='ocrx_word' id='word_1_77' title='bbox 1343 969 1451 1010; x_wconf 87' lang='lat' dir='ltr'>mihi</span> 
     </span>
     <span class='ocr_line' id='line_1_13' title="bbox 50 1032 1452 1092; baseline 0.004 -19"><span class='ocrx_word' id='word_1_78' title='bbox 50 1032 141 1074; x_wconf 81' lang='lat' dir='ltr'>sine</span> <span class='ocrx_word' id='word_1_79' title='bbox 173 1034 391 1075; x_wconf 89' lang='lat' dir='ltr'>communi</span> <span class='ocrx_word' id='word_1_80' title='bbox 423 1035 646 1090; x_wconf 85' lang='lat' dir='ltr'>dispendio</span> <span class='ocrx_word' id='word_1_81' title='bbox 678 1036 724 1076; x_wconf 83' lang='lat' dir='ltr'>in</span> <span class='ocrx_word' id='word_1_82' title='bbox 765 1037 1029 1092; x_wconf 85' lang='lat' dir='ltr'>competenti</span> <span class='ocrx_word' id='word_1_83' title='bbox 1081 1038 1305 1087; x_wconf 76' lang='lat' dir='ltr'>consortio,</span> <span class='ocrx_word' id='word_1_84' title='bbox 1340 1038 1452 1079; x_wconf 70' lang='lat' dir='ltr'>sicut</span> 
     </span>
     <span class='ocr_line' id='line_1_14' title="bbox 49 1101 1451 1160; baseline 0.004 -19"><span class='ocrx_word' id='word_1_85' title='bbox 49 1101 255 1143; x_wconf 85' lang='lat' dir='ltr'>hactenus</span> <span class='ocrx_word' id='word_1_86' title='bbox 286 1102 421 1143; x_wconf 85' lang='lat' dir='ltr'>vestri</span> <span class='ocrx_word' id='word_1_87' title='bbox 450 1104 591 1158; x_wconf 85' lang='lat' dir='ltr'>gratia</span> <span class='ocrx_word' id='word_1_88' title='bbox 626 1104 788 1145; x_wconf 82' lang='lat' dir='ltr'>sactum</span> <span class='ocrx_word' id='word_1_89' title='bbox 821 1108 895 1154; x_wconf 85' lang='lat' dir='ltr'>est,</span> <span class='ocrx_word' id='word_1_90' title='bbox 929 1105 1073 1146; x_wconf 87' lang='lat' dir='ltr'>valeat</span> <span class='ocrx_word' id='word_1_91' title='bbox 1106 1119 1181 1160; x_wconf 88' lang='lat' dir='ltr'>per</span> <span class='ocrx_word' id='word_1_92' title='bbox 1214 1105 1451 1147; x_wconf 73' lang='lat' dir='ltr'>Salvator-is</span> 
     </span>
     <span class='ocr_line' id='line_1_15' title="bbox 50 1169 1452 1228; baseline 0.004 -19"><span class='ocrx_word' id='word_1_93' title='bbox 50 1169 379 1211; x_wconf 85' lang='lat' dir='ltr'>misericordiam</span> <span class='ocrx_word' id='word_1_94' title='bbox 410 1171 636 1226; x_wconf 85' lang='lat' dir='ltr'>provideri.</span> <span class='ocrx_word' id='word_1_95' title='bbox 700 1171 781 1213; x_wconf 88' lang='lat' dir='ltr'>Per</span> <span class='ocrx_word' id='word_1_96' title='bbox 811 1172 1121 1227; x_wconf 80' lang='lat' dir='ltr'>experientiam</span> <span class='ocrx_word' id='word_1_97' title='bbox 1154 1188 1321 1228; x_wconf 84' lang='lat' dir='ltr'>quoque</span> <span class='ocrx_word' id='word_1_98' title='bbox 1353 1189 1452 1216; x_wconf 89' lang='lat' dir='ltr'>con-</span> 
     </span>
     <span class='ocr_line' id='line_1_16' title="bbox 44 1235 1450 1294; baseline 0.004 -17"><span class='ocrx_word' id='word_1_99' title='bbox 44 1235 146 1290; x_wconf 83' lang='lat' dir='ltr'>jicio</span> <span class='ocrx_word' id='word_1_100' title='bbox 179 1237 293 1292; x_wconf 85' lang='lat' dir='ltr'>quod</span> <span class='ocrx_word' id='word_1_101' title='bbox 323 1238 485 1293; x_wconf 85' lang='lat' dir='ltr'>nequit,</span> <span class='ocrx_word' id='word_1_102' title='bbox 520 1242 863 1294; x_wconf 54' lang='lat' dir='ltr'>quantaecunque</span> <span class='ocrx_word' id='word_1_103' title='bbox 911 1241 967 1281; x_wconf 84' lang='lat' dir='ltr'>sit</span> <span class='ocrx_word' id='word_1_104' title='bbox 998 1242 1342 1282; x_wconf 70' lang='lat' dir='ltr'>mansuetudinis</span> <span class='ocrx_word' id='word_1_105' title='bbox 1376 1256 1450 1283; x_wconf 87' lang='lat' dir='ltr'>seu</span> 
     </span>
     <span class='ocr_line' id='line_1_17' title="bbox 51 1305 1451 1364; baseline 0.004 -19"><span class='ocrx_word' id='word_1_106' title='bbox 51 1305 371 1361; x_wconf 77' lang='lat' dir='ltr'>quanticunque</span> <span class='ocrx_word' id='word_1_107' title='bbox 418 1306 586 1362; x_wconf 85' lang='lat' dir='ltr'>vigoris,</span> <span class='ocrx_word' id='word_1_108' title='bbox 631 1308 838 1363; x_wconf 82' lang='lat' dir='ltr'>praefatus</span> <span class='ocrx_word' id='word_1_109' title='bbox 870 1308 1005 1349; x_wconf 86' lang='lat' dir='ltr'>frater</span> <span class='ocrx_word' id='word_1_110' title='bbox 1036 1308 1101 1357; x_wconf 65' lang='lat' dir='ltr'>A„</span> <span class='ocrx_word' id='word_1_111' title='bbox 1136 1309 1226 1350; x_wconf 88' lang='lat' dir='ltr'>sine</span> <span class='ocrx_word' id='word_1_112' title='bbox 1264 1309 1451 1364; x_wconf 84' lang='lat' dir='ltr'>corporis</span> 
     </span>
     <span class='ocr_line' id='line_1_18' title="bbox 47 1374 1450 1433; baseline 0.003 -19"><span class='ocrx_word' id='word_1_113' title='bbox 47 1374 298 1429; x_wconf 77' lang='lat' dir='ltr'>gravamine</span> <span class='ocrx_word' id='word_1_114' title='bbox 329 1378 373 1416; x_wconf 91' lang='lat' dir='ltr'>et</span> <span class='ocrx_word' id='word_1_115' title='bbox 403 1375 561 1416; x_wconf 86' lang='lat' dir='ltr'>mentis</span> <span class='ocrx_word' id='word_1_116' title='bbox 581 1375 889 1430; x_wconf 87' lang='lat' dir='ltr'>inquietudine,</span> <span class='ocrx_word' id='word_1_117' title='bbox 912 1375 995 1417; x_wconf 87' lang='lat' dir='ltr'>nisi</span> <span class='ocrx_word' id='word_1_118' title='bbox 1018 1378 1230 1430; x_wconf 85' lang='lat' dir='ltr'>quatenus</span> <span class='ocrx_word' id='word_1_119' title='bbox 1251 1377 1450 1433; x_wconf 87' lang='lat' dir='ltr'>urgentia</span> 
     </span>
     <span class='ocr_line' id='line_1_19' title="bbox 50 1441 1450 1500; baseline 0.002 -17"><span class='ocrx_word' id='word_1_120' title='bbox 50 1441 223 1498; x_wconf 86' lang='lat' dir='ltr'>mitigat</span> <span class='ocrx_word' id='word_1_121' title='bbox 270 1442 524 1485; x_wconf 62' lang='lat' dir='ltr'>obedientiae</span> <span class='ocrx_word' id='word_1_122' title='bbox 572 1444 771 1485; x_wconf 86' lang='lat' dir='ltr'>salutaris</span> <span class='ocrx_word' id='word_1_123' title='bbox 818 1444 993 1484; x_wconf 87' lang='lat' dir='ltr'>diurnos</span> <span class='ocrx_word' id='word_1_124' title='bbox 1029 1446 1160 1485; x_wconf 81' lang='lat' dir='ltr'>aestus</span> <span class='ocrx_word' id='word_1_125' title='bbox 1206 1448 1249 1486; x_wconf 87' lang='lat' dir='ltr'>et</span> <span class='ocrx_word' id='word_1_126' title='bbox 1280 1444 1450 1500; x_wconf 80' lang='lat' dir='ltr'>vigilias</span> 
     </span>
     <span class='ocr_line' id='line_1_20' title="bbox 48 1511 1031 1560; baseline 0.003 -10"><span class='ocrx_word' id='word_1_127' title='bbox 48 1513 289 1560; x_wconf 87' lang='lat' dir='ltr'>nocturnas,</span> <span class='ocrx_word' id='word_1_128' title='bbox 322 1525 490 1553; x_wconf 89' lang='lat' dir='ltr'>mecum</span> <span class='ocrx_word' id='word_1_129' title='bbox 520 1511 816 1553; x_wconf 86' lang='lat' dir='ltr'>indeficienter</span> <span class='ocrx_word' id='word_1_130' title='bbox 846 1511 1031 1553; x_wconf 85' lang='lat' dir='ltr'>sufferre.</span> 
     </span>
    </p>

    <p class='ocr_par' dir='ltr' id='par_1_4' title="bbox 47 1577 1448 2848">
     <span class='ocr_line' id='line_1_21' title="bbox 110 1577 1448 1636; baseline 0.001 -16"><span class='ocrx_word' id='word_1_131' title='bbox 110 1577 220 1620; x_wconf 83' lang='lat' dir='ltr'>Cum</span> <span class='ocrx_word' id='word_1_132' title='bbox 272 1578 410 1635; x_wconf 87' lang='lat' dir='ltr'>igitur</span> <span class='ocrx_word' id='word_1_133' title='bbox 454 1594 530 1635; x_wconf 90' lang='lat' dir='ltr'>per</span> <span class='ocrx_word' id='word_1_134' title='bbox 575 1579 812 1621; x_wconf 88' lang='lat' dir='ltr'>certissima</span> <span class='ocrx_word' id='word_1_135' title='bbox 867 1579 1144 1635; x_wconf 82' lang='lat' dir='ltr'>compererim</span> <span class='ocrx_word' id='word_1_136' title='bbox 1181 1583 1448 1636; x_wconf 82' lang='lat' dir='ltr'>argumenta,</span> 
     </span>
     <span class='ocr_line' id='line_1_22' title="bbox 50 1646 1447 1703; baseline 0.002 -17"><span class='ocrx_word' id='word_1_137' title='bbox 50 1646 164 1700; x_wconf 88' lang='lat' dir='ltr'>quod</span> <span class='ocrx_word' id='word_1_138' title='bbox 211 1647 267 1687; x_wconf 88' lang='lat' dir='ltr'>ad</span> <span class='ocrx_word' id='word_1_139' title='bbox 314 1647 657 1689; x_wconf 88' lang='lat' dir='ltr'>subveniendum</span> <span class='ocrx_word' id='word_1_140' title='bbox 703 1647 809 1689; x_wconf 86' lang='lat' dir='ltr'>meis</span> <span class='ocrx_word' id='word_1_141' title='bbox 860 1647 1182 1697; x_wconf 85' lang='lat' dir='ltr'>insufficientiis,</span> <span class='ocrx_word' id='word_1_142' title='bbox 1237 1652 1447 1703; x_wconf 86' lang='lat' dir='ltr'>quantum</span> 
     </span>
     <span class='ocr_line' id='line_1_23' title="bbox 51 1714 1447 1770; baseline 0.001 -15"><span class='ocrx_word' id='word_1_143' title='bbox 51 1714 283 1756; x_wconf 88' lang='lat' dir='ltr'>secundum</span> <span class='ocrx_word' id='word_1_144' title='bbox 321 1715 557 1756; x_wconf 89' lang='lat' dir='ltr'>Dominum</span> <span class='ocrx_word' id='word_1_145' title='bbox 595 1715 687 1756; x_wconf 87' lang='lat' dir='ltr'>fieri</span> <span class='ocrx_word' id='word_1_146' title='bbox 724 1715 897 1764; x_wconf 81' lang='lat' dir='ltr'>valebit,</span> <span class='ocrx_word' id='word_1_147' title='bbox 932 1715 1164 1770; x_wconf 76' lang='lat' dir='ltr'>perfectam</span> <span class='ocrx_word' id='word_1_148' title='bbox 1195 1715 1242 1756; x_wconf 88' lang='lat' dir='ltr'>in</span> <span class='ocrx_word' id='word_1_149' title='bbox 1276 1716 1447 1757; x_wconf 85' lang='lat' dir='ltr'>Christo</span> 
     </span>
     <span class='ocr_line' id='line_1_24' title="bbox 49 1783 1444 1839; baseline 0.001 -16"><span class='ocrx_word' id='word_1_150' title='bbox 49 1785 170 1837; x_wconf 86' lang='lat' dir='ltr'>gerat</span> <span class='ocrx_word' id='word_1_151' title='bbox 206 1783 477 1825; x_wconf 86' lang='lat' dir='ltr'>voluntatem</span> <span class='ocrx_word' id='word_1_152' title='bbox 509 1787 665 1824; x_wconf 67' lang='lat' dir='ltr'>vestrfe</span> <span class='ocrx_word' id='word_1_153' title='bbox 697 1783 966 1824; x_wconf 82' lang='lat' dir='ltr'>discretionis</span> <span class='ocrx_word' id='word_1_154' title='bbox 997 1783 1149 1823; x_wconf 86' lang='lat' dir='ltr'>inolita</span> <span class='ocrx_word' id='word_1_155' title='bbox 1188 1783 1444 1839; x_wconf 80' lang='lat' dir='ltr'>benignitas,</span> 
     </span>
     <span class='ocr_line' id='line_1_25' title="bbox 49 1850 1446 1906; baseline 0.002 -16"><span class='ocrx_word' id='word_1_156' title='bbox 49 1850 305 1891; x_wconf 86' lang='lat' dir='ltr'>fiducialiter</span> <span class='ocrx_word' id='word_1_157' title='bbox 335 1866 438 1906; x_wconf 86' lang='lat' dir='ltr'>rogo</span> <span class='ocrx_word' id='word_1_158' title='bbox 471 1854 693 1906; x_wconf 81' lang='lat' dir='ltr'>quatenus,</span> <span class='ocrx_word' id='word_1_159' title='bbox 718 1851 754 1892; x_wconf 87' lang='lat' dir='ltr'>si</span> <span class='ocrx_word' id='word_1_160' title='bbox 776 1854 930 1892; x_wconf 76' lang='lat' dir='ltr'>vestrae</span> <span class='ocrx_word' id='word_1_161' title='bbox 953 1865 1041 1892; x_wconf 84' lang='lat' dir='ltr'>non</span> <span class='ocrx_word' id='word_1_162' title='bbox 1063 1850 1257 1906; x_wconf 86' lang='lat' dir='ltr'>displicet</span> <span class='ocrx_word' id='word_1_163' title='bbox 1285 1855 1446 1893; x_wconf 69' lang='lat' dir='ltr'>sanctae</span> 
     </span>
     <span class='ocr_line' id='line_1_26' title="bbox 49 1918 1447 1973; baseline 0.001 -15"><span class='ocrx_word' id='word_1_164' title='bbox 49 1919 313 1973; x_wconf 70' lang='lat' dir='ltr'>paternitati,</span> <span class='ocrx_word' id='word_1_165' title='bbox 347 1919 635 1960; x_wconf 86' lang='lat' dir='ltr'>desideratum</span> <span class='ocrx_word' id='word_1_166' title='bbox 666 1919 713 1959; x_wconf 88' lang='lat' dir='ltr'>in</span> <span class='ocrx_word' id='word_1_167' title='bbox 745 1918 917 1960; x_wconf 73' lang='lat' dir='ltr'>Christo</span> <span class='ocrx_word' id='word_1_168' title='bbox 954 1919 1132 1960; x_wconf 86' lang='lat' dir='ltr'>fratrem</span> <span class='ocrx_word' id='word_1_169' title='bbox 1165 1918 1447 1960; x_wconf 85' lang='lat' dir='ltr'>Laurentium</span> 
     </span>
     <span class='ocr_line' id='line_1_27' title="bbox 49 1986 1445 2042; baseline 0 -15"><span class='ocrx_word' id='word_1_170' title='bbox 49 1986 101 2027; x_wconf 89' lang='lat' dir='ltr'>de</span> <span class='ocrx_word' id='word_1_171' title='bbox 145 1986 338 2028; x_wconf 80' lang='lat' dir='ltr'>Sutthon</span> <span class='ocrx_word' id='word_1_172' title='bbox 371 1987 426 2028; x_wconf 87' lang='lat' dir='ltr'>ad</span> <span class='ocrx_word' id='word_1_173' title='bbox 461 2002 530 2028; x_wconf 91' lang='lat' dir='ltr'>me</span> <span class='ocrx_word' id='word_1_174' title='bbox 567 1987 657 2029; x_wconf 87' lang='lat' dir='ltr'>sine</span> <span class='ocrx_word' id='word_1_175' title='bbox 689 2001 820 2028; x_wconf 69' lang='lat' dir='ltr'>morae</span> <span class='ocrx_word' id='word_1_176' title='bbox 864 1986 1085 2042; x_wconf 86' lang='lat' dir='ltr'>dispendio</span> <span class='ocrx_word' id='word_1_177' title='bbox 1123 1986 1169 2027; x_wconf 84' lang='lat' dir='ltr'>in</span> <span class='ocrx_word' id='word_1_178' title='bbox 1207 1987 1445 2028; x_wconf 85' lang='lat' dir='ltr'>subsidium</span> 
     </span>
     <span class='ocr_line' id='line_1_28' title="bbox 48 2053 1446 2109; baseline 0.001 -15"><span class='ocrx_word' id='word_1_179' title='bbox 48 2053 271 2103; x_wconf 79' lang='lat' dir='ltr'>societatis,</span> <span class='ocrx_word' id='word_1_180' title='bbox 305 2055 341 2095; x_wconf 89' lang='lat' dir='ltr'>si</span> <span class='ocrx_word' id='word_1_181' title='bbox 371 2058 518 2096; x_wconf 85' lang='lat' dir='ltr'>tamen</span> <span class='ocrx_word' id='word_1_182' title='bbox 557 2054 601 2095; x_wconf 90' lang='lat' dir='ltr'>in</span> <span class='ocrx_word' id='word_1_183' title='bbox 651 2054 730 2096; x_wconf 91' lang='lat' dir='ltr'>hoc</span> <span class='ocrx_word' id='word_1_184' title='bbox 766 2054 905 2109; x_wconf 89' lang='lat' dir='ltr'>ipsum</span> <span class='ocrx_word' id='word_1_185' title='bbox 955 2054 1045 2109; x_wconf 88' lang='lat' dir='ltr'>ipse</span> <span class='ocrx_word' id='word_1_186' title='bbox 1089 2055 1340 2103; x_wconf 80' lang='lat' dir='ltr'>consentiat,</span> <span class='ocrx_word' id='word_1_187' title='bbox 1383 2070 1446 2096; x_wconf 87' lang='lat' dir='ltr'>re-</span> 
     </span>
     <span class='ocr_line' id='line_1_29' title="bbox 49 2121 1445 2178; baseline 0 -16"><span class='ocrx_word' id='word_1_188' title='bbox 49 2121 220 2163; x_wconf 84' lang='lat' dir='ltr'>mittere</span> <span class='ocrx_word' id='word_1_189' title='bbox 279 2122 515 2177; x_wconf 78' lang='lat' dir='ltr'>dignemini</span> <span class='ocrx_word' id='word_1_190' title='bbox 580 2122 810 2178; x_wconf 77' lang='lat' dir='ltr'>praefatum</span> <span class='ocrx_word' id='word_1_191' title='bbox 863 2122 1043 2163; x_wconf 83' lang='lat' dir='ltr'>fratrem</span> <span class='ocrx_word' id='word_1_192' title='bbox 1091 2121 1143 2163; x_wconf 88' lang='lat' dir='ltr'>A.</span> <span class='ocrx_word' id='word_1_193' title='bbox 1198 2121 1445 2163; x_wconf 83' lang='lat' dir='ltr'>Londinum</span> 
     </span>
     <span class='ocr_line' id='line_1_30' title="bbox 47 2189 1444 2244; baseline 0.001 -14"><span class='ocrx_word' id='word_1_194' title='bbox 47 2191 103 2231; x_wconf 89' lang='lat' dir='ltr'>ad</span> <span class='ocrx_word' id='word_1_195' title='bbox 148 2190 421 2241; x_wconf 87' lang='lat' dir='ltr'>studendum,</span> <span class='ocrx_word' id='word_1_196' title='bbox 467 2190 631 2231; x_wconf 88' lang='lat' dir='ltr'>intuitu</span> <span class='ocrx_word' id='word_1_197' title='bbox 676 2189 848 2239; x_wconf 81' lang='lat' dir='ltr'>Christi,</span> <span class='ocrx_word' id='word_1_198' title='bbox 882 2189 996 2244; x_wconf 85' lang='lat' dir='ltr'>quod</span> <span class='ocrx_word' id='word_1_199' title='bbox 1027 2192 1071 2230; x_wconf 81' lang='lat' dir='ltr'>et</span> <span class='ocrx_word' id='word_1_200' title='bbox 1101 2189 1200 2244; x_wconf 85' lang='lat' dir='ltr'>ipse,</span> <span class='ocrx_word' id='word_1_201' title='bbox 1235 2189 1270 2230; x_wconf 87' lang='lat' dir='ltr'>si</span> <span class='ocrx_word' id='word_1_202' title='bbox 1302 2193 1444 2231; x_wconf 83' lang='lat' dir='ltr'>vestro</span> 
     </span>
     <span class='ocr_line' id='line_1_31' title="bbox 48 2257 1446 2313; baseline 0 -14"><span class='ocrx_word' id='word_1_203' title='bbox 48 2258 204 2300; x_wconf 86' lang='lat' dir='ltr'>sederit</span> <span class='ocrx_word' id='word_1_204' title='bbox 254 2257 532 2313; x_wconf 84' lang='lat' dir='ltr'>beneplacito,</span> <span class='ocrx_word' id='word_1_205' title='bbox 589 2258 823 2313; x_wconf 84' lang='lat' dir='ltr'>plurimum</span> <span class='ocrx_word' id='word_1_206' title='bbox 889 2257 1111 2306; x_wconf 86' lang='lat' dir='ltr'>desiderat,</span> <span class='ocrx_word' id='word_1_207' title='bbox 1165 2257 1446 2299; x_wconf 80' lang='lat' dir='ltr'>nihilominus</span> 
     </span>
     <span class='ocr_line' id='line_1_32' title="bbox 48 2325 1445 2368; baseline -0.001 -1"><span class='ocrx_word' id='word_1_208' title='bbox 48 2326 258 2367; x_wconf 87' lang='lat' dir='ltr'>maturius</span> <span class='ocrx_word' id='word_1_209' title='bbox 289 2325 461 2368; x_wconf 84' lang='lat' dir='ltr'>mittere</span> <span class='ocrx_word' id='word_1_210' title='bbox 505 2325 827 2368; x_wconf 85' lang='lat' dir='ltr'>consentientes.</span> <span class='ocrx_word' id='word_1_211' title='bbox 905 2325 953 2367; x_wconf 78' lang='lat' dir='ltr'>Si</span> <span class='ocrx_word' id='word_1_212' title='bbox 989 2328 1134 2366; x_wconf 86' lang='lat' dir='ltr'>autem</span> <span class='ocrx_word' id='word_1_213' title='bbox 1179 2325 1318 2367; x_wconf 85' lang='lat' dir='ltr'>dictus</span> <span class='ocrx_word' id='word_1_214' title='bbox 1361 2326 1445 2366; x_wconf 85' lang='lat' dir='ltr'>fra-</span> 
     </span>
     <span class='ocr_line' id='line_1_33' title="bbox 47 2393 1445 2449; baseline -0.002 -13"><span class='ocrx_word' id='word_1_215' title='bbox 47 2397 114 2436; x_wconf 84' lang='lat' dir='ltr'>ter</span> <span class='ocrx_word' id='word_1_216' title='bbox 174 2394 435 2436; x_wconf 84' lang='lat' dir='ltr'>Laurentius</span> <span class='ocrx_word' id='word_1_217' title='bbox 498 2394 685 2449; x_wconf 80' lang='lat' dir='ltr'>aliquem</span> <span class='ocrx_word' id='word_1_218' title='bbox 744 2393 846 2436; x_wconf 75' lang='lat' dir='ltr'>satis</span> <span class='ocrx_word' id='word_1_219' title='bbox 908 2393 1175 2434; x_wconf 80' lang='lat' dir='ltr'>tolerabilem</span> <span class='ocrx_word' id='word_1_220' title='bbox 1252 2393 1445 2448; x_wconf 85' lang='lat' dir='ltr'>patiatur</span> 
     </span>
     <span class='ocr_line' id='line_1_34' title="bbox 49 2461 1443 2518; baseline -0.001 -15"><span class='ocrx_word' id='word_1_221' title='bbox 49 2461 272 2511; x_wconf 83' lang='lat' dir='ltr'>defectum,</span> <span class='ocrx_word' id='word_1_222' title='bbox 336 2461 567 2518; x_wconf 80' lang='lat' dir='ltr'>insignitus</span> <span class='ocrx_word' id='word_1_223' title='bbox 623 2466 770 2503; x_wconf 87' lang='lat' dir='ltr'>tamen</span> <span class='ocrx_word' id='word_1_224' title='bbox 833 2464 898 2503; x_wconf 87' lang='lat' dir='ltr'>est</span> <span class='ocrx_word' id='word_1_225' title='bbox 950 2476 1078 2516; x_wconf 87' lang='lat' dir='ltr'>quam</span> <span class='ocrx_word' id='word_1_226' title='bbox 1140 2461 1337 2516; x_wconf 84' lang='lat' dir='ltr'>plurimis</span> <span class='ocrx_word' id='word_1_227' title='bbox 1388 2461 1443 2501; x_wconf 86' lang='lat' dir='ltr'>ad</span> 
     </span>
     <span class='ocr_line' id='line_1_35' title="bbox 49 2528 1444 2585; baseline -0.002 -14"><span class='ocrx_word' id='word_1_228' title='bbox 49 2530 331 2571; x_wconf 82' lang='lat' dir='ltr'>assistendum</span> <span class='ocrx_word' id='word_1_229' title='bbox 393 2544 500 2572; x_wconf 66' lang='lat' dir='ltr'>meze</span> <span class='ocrx_word' id='word_1_230' title='bbox 563 2530 792 2585; x_wconf 86' lang='lat' dir='ltr'>parvitatis</span> <span class='ocrx_word' id='word_1_231' title='bbox 847 2528 1167 2578; x_wconf 86' lang='lat' dir='ltr'>idoneitatibus,</span> <span class='ocrx_word' id='word_1_232' title='bbox 1246 2529 1444 2583; x_wconf 86' lang='lat' dir='ltr'>quamvis</span> 
     </span>
     <span class='ocr_line' id='line_1_36' title="bbox 49 2595 1442 2653; baseline -0.002 -15"><span class='ocrx_word' id='word_1_233' title='bbox 49 2597 238 2653; x_wconf 85' lang='lat' dir='ltr'>vulgaris</span> <span class='ocrx_word' id='word_1_234' title='bbox 288 2597 522 2653; x_wconf 85' lang='lat' dir='ltr'>pertinacia</span> <span class='ocrx_word' id='word_1_235' title='bbox 576 2612 663 2639; x_wconf 86' lang='lat' dir='ltr'>non</span> <span class='ocrx_word' id='word_1_236' title='bbox 716 2598 774 2638; x_wconf 86' lang='lat' dir='ltr'>sic</span> <span class='ocrx_word' id='word_1_237' title='bbox 821 2597 989 2638; x_wconf 88' lang='lat' dir='ltr'>sentiat.</span> <span class='ocrx_word' id='word_1_238' title='bbox 1088 2595 1326 2650; x_wconf 81' lang='lat' dir='ltr'>Nunquam</span> <span class='ocrx_word' id='word_1_239' title='bbox 1378 2600 1442 2636; x_wconf 84' lang='lat' dir='ltr'>ta-</span> 
     </span>
     <span class='ocr_line' id='line_1_37' title="bbox 48 2661 1441 2720; baseline -0.002 -14"><span class='ocrx_word' id='word_1_240' title='bbox 48 2679 148 2706; x_wconf 86' lang='lat' dir='ltr'>men</span> <span class='ocrx_word' id='word_1_241' title='bbox 177 2661 576 2720; x_wconf 43' lang='lat' dir='ltr'>formidat&#39;sapiens</span> <span class='ocrx_word' id='word_1_242' title='bbox 608 2665 809 2706; x_wconf 89' lang='lat' dir='ltr'>odibilem</span> <span class='ocrx_word' id='word_1_243' title='bbox 841 2664 1141 2705; x_wconf 68' lang='lat' dir='ltr'>inconstantiae</span> <span class='ocrx_word' id='word_1_244' title='bbox 1177 2667 1338 2714; x_wconf 83' lang='lat' dir='ltr'>notam,</span> <span class='ocrx_word' id='word_1_245' title='bbox 1366 2663 1441 2704; x_wconf 89' lang='lat' dir='ltr'>ubi</span> 
     </span>
     <span class='ocr_line' id='line_1_38' title="bbox 50 2728 1439 2788; baseline -0.003 -14"><span class='ocrx_word' id='word_1_246' title='bbox 50 2747 243 2788; x_wconf 80' lang='lat' dir='ltr'>supernae</span> <span class='ocrx_word' id='word_1_247' title='bbox 286 2733 462 2774; x_wconf 85' lang='lat' dir='ltr'>veritati</span> <span class='ocrx_word' id='word_1_248' title='bbox 493 2736 738 2774; x_wconf 86' lang='lat' dir='ltr'>constanter</span> <span class='ocrx_word' id='word_1_249' title='bbox 769 2732 1017 2781; x_wconf 61' lang='lat' dir='ltr'>inhaeretur,</span> <span class='ocrx_word' id='word_1_250' title='bbox 1067 2746 1163 2786; x_wconf 77' lang='lat' dir='ltr'>quae</span> <span class='ocrx_word' id='word_1_251' title='bbox 1186 2728 1439 2772; x_wconf 65' lang='lat' dir='ltr'>&#39;secundum</span> 
     </span>
     <span class='ocr_line' id='line_1_39' title="bbox 48 2798 1439 2848; baseline -0.001 -8"><span class='ocrx_word' id='word_1_252' title='bbox 48 2814 189 2841; x_wconf 83' lang='lat' dir='ltr'>rerum</span> <span class='ocrx_word' id='word_1_253' title='bbox 217 2800 614 2842; x_wconf 87' lang='lat' dir='ltr'>transmutabilium</span> <span class='ocrx_word' id='word_1_254' title='bbox 636 2799 868 2841; x_wconf 83' lang='lat' dir='ltr'>varietates</span> <span class='ocrx_word' id='word_1_255' title='bbox 894 2799 1092 2848; x_wconf 75' lang='lat' dir='ltr'>diversas,</span> <span class='ocrx_word' id='word_1_256' title='bbox 1120 2802 1267 2840; x_wconf 84' lang='lat' dir='ltr'>tamen</span> <span class='ocrx_word' id='word_1_257' title='bbox 1292 2798 1439 2839; x_wconf 88' lang='lat' dir='ltr'>eadem</span> 
     </span>
    </p>
   </div>
  </div>
 </body>
</html>
