1905 3180
705 232 942 266 EPISTOLAE.
1436 226 1519 268 211

731 374 874 417 XCII.

113 467 368 510 Reverendo
409 466 465 509 in.
509 467 684 510 Christo
731 467 862 523 patri
905 472 942 509 et
995 467 1182 509 domino
1220 467 1308 519 Ν,1
1353 469 1517 512 Priori

233 535 510 585 C‘aoztzmriw,
541 536 743 586 sulutem,
780 540 818 578 et
853 550 957 577 cum
979 535 1155 591 spirita
1177 536 1364 579 consilii
1386 537 1509 581 salze-

232 603 347 646 {afris
384 603 610 660 spiritum
641 603 828 646 damieta>
851 603 1170 660 fortitudinis.

170 689 314 742 Quum
332 690 426 745 jam
452 693 555 731 ante
584 703 752 731 menses
773 689 982 745 plurimos
1005 689 1057 731 de
1079 692 1239 731 vestrae
1262 690 1512 733 sanctitatis
1533 702 1710 747 Touehing

107 760 153 800 et
194 757 362 814 collegii
393 758 529 799 vestri
559 757 843 813 beneplacito,
883 757 990 797 mihi
1027 771 1104 813 per
1140 758 1409 799 carissimum
1450 759 1498 801 G.

1530 748 1617 779 their
1632 750 1698 780 dis-

1503 795 1511 811 ’
1530 797 1605 832 pute
1622 794 1703 825 with

106 826 367 883 gardianum
427 825 617 868 fratrum
669 826 888 867 minorum
942 825 1195 868 Cantuariae
1246 826 1510 869 litteratorie
1530 837 1584 868 the
1601 837 1661 878 Bp.
1679 838 1718 870 of

106 894 289 950 signato,
338 894 496 950 quibus
542 894 849 936 necessitatum
902 893 1189 946 detrimentis,
1245 895 1402 949 quibus
1449 896 1510 937 la-

105 963 258 1004 borum
300 962 646 1018 fatigationibus,
690 977 820 1017 quam
862 961 1081 1016 frequenti
1119 962 1342 1014 desiderio,
1377 978 1508 1018 quam

103 1031 208 1073 laeta
273 1031 631 1087 promptitudine,
691 1030 1000 1085 qualiscunque
1067 1045 1173 1072 meze
1239 1031 1508 1073 modicitatis

105 1099 281 1142 devotio
344 1099 628 1155 personaliter
689 1098 829 1149 affuit,
884 1098 961 1139 ubi
1023 1099 1286 1154 praesidente
1347 1100 1507 1140 sancti-

103 1168 210 1209 tatis
260 1171 416 1209 vestrae
473 1167 727 1216 reverentia,
782 1166 975 1221 virisque
1027 1166 1351 1208 venerabilibus
1409 1182 1506 1209 con-

105 1235 291 1287 siliariis,
331 1239 374 1277 et
415 1235 516 1276 filiis
553 1235 712 1276 vestris
741 1234 1094 1286 considentibus3
1142 1237 1238 1289 post
1281 1234 1505 1276 diutinum

103 1304 291 1360 pacificae
333 1303 610 1345 discussionis
647 1302 921 1357 colloquium,
960 1316 1036 1357 per
1076 1302 1335 1357 inspiratam
1377 1303 1506 1345 bene-

102 1372 212 1414 volis
254 1372 484 1413 animabus
528 1371 800 1426 sapientiam,
844 1370 959 1411 inter
1001 1370 1225 1411 dominum
1270 1370 1506 1413 Lincolm‘ze

102 1442 146 1481 et
168 1440 404 1496 capitulum
432 1442 625 1481 vestrmn
655 1442 862 1494 concepta
888 1437 1184 1479 desiderandae
1213 1438 1332 1494 pacis
1354 1438 1504 1491 forma,

100 1508 180 1550 sub
215 1509 389 1564 publica
425 1506 684 1564 signatione,
719 1506 805 1547 illis
843 1520 1027 1562 quorum
1067 1506 1209 1547 adhuc
1239 1506 1303 1548 rei
1335 1508 1504 1563 magni-

100 1576 207 1618 tudo
250 1576 495 1617 desiderare
535 1575 770 1616 videbatur
811 1589 996 1615 examen
1037 1574 1188 1615 relicta
1229 1574 1314 1616 fuit
1336 1623 1339 1624 ⁷
1362 1579 1504 1617 osten-

101 1644 244 1686 denda
265 1661 273 1695 3
296 1658 427 1699 quam
457 1644 590 1685 etiam
613 1643 755 1684 dictus
787 1642 988 1684 dominus
1012 1642 1250 1684 Lincolniae
1280 1647 1377 1698 post
1395 1644 1502 1685 deli—

102 1715 296 1757 beratam
328 1715 491 1756 maturi
514 1714 821 1756 moderaminis
859 1714 1205 1769 expectationem
1235 1714 1305 1769 pio
1334 1718 1502 1770 pacatae

98 1784 257 1825 mentis
279 1798 487 1825 consensu
521 1782 689 1824 censuit
724 1782 1047 1837 approbandam
1071 1797 1080 1831 ;
1113 1781 1350 1823 secundum
1384 1783 1501 1837 quod

99 1852 154 1892 ad
177 1851 405 1906 providam
427 1854 584 1892 vestrae
616 1849 927 1891 dominationis
952 1848 1206 1903 jussionem,
1230 1853 1361 1904 prout
1390 1864 1501 1890 com-

99 1919 225 1960 mode
246 1918 339 1959 fieri
369 1919 524 1974 potuit,
547 1918 850 1959 incunctanter
876 1919 1068 1958 vestram
1095 1917 1330 1958 certificare
1352 1919 1518 1958 curavi·

98 1987 418 2038 reverentiam;
462 1985 620 2027 litteris
663 1986 796 2026 etiam
844 1985 1034 2026 inserens
1080 1985 1350 2040 paupertatis
1393 2000 1500 2027 meae

99 2055 287 2096 salutare
314 2054 550 2105 consilium,
580 2068 657 2109 per
682 2053 797 2108 quod
826 2052 1072 2094 aemulanda
1102 2053 1296 2094 mansuri
1325 2053 1500 2094 foederis

98 2123 333 2172 concordia,
365 2122 556 2178 propitia
587 2121 820 2162 divinitate
855 2120 985 2176 Regis
1007 2120 1186 2176 pacifici,
1215 2121 1290 2175 qui
1323 2120 1499 2162 beatam

96 2191 219 2246 regni
261 2191 328 2232 sui
370 2189 785 2231 consummationem
820 2188 965 2244 posuit
1006 2192 1181 2229 feternae
1224 2188 1499 2230 certitudinis

96 2274 242 2314 pacem
277 2258 521 2314 perfectam,
559 2256 805 2298 inviolabili
836 2257 987 2312 gavisa
1022 2256 1174 2297 fuisset
1214 2256 1497 2308 firmitudine,

96 2328 131 2368 si
163 2328 470 2382 circumspecta
503 2326 660 2381 placidi
692 2325 874 2381 pectoris
909 2324 1127 2374 serenitas,
1162 2324 1233 2365 vel
1271 2340 1347 2380 per
1378 2325 1498 2366 exhi-

95 2395 308 2436 bitionem
346 2394 582 2450 personalis
613 2393 867 2450 praesentire,
901 2393 971 2434 vel
1002 2407 1078 2448 per
1108 2392 1312 2435 instructi
1344 2408 1496 2449 procu-

95 2463 251 2504 ratoris
293 2461 605 2509 sufficientiam,
637 2461 746 2503 illud
777 2461 1026 2516 mancipare
1057 2461 1266 2502 voluisset
1291 2461 1495 2512 effectui3

96 2531 314 2583 ——Quum,
359 2531 548 2585 inquam,
592 2530 683 2571 haec
724 2530 787 2571 ita
836 2543 880 2571 se
929 2529 1172 2580 habuerint,
1217 2544 1313 2585 quae
1354 2530 1497 2570 tenaci

95 2602 252 2641 vestrae
293 2598 562 2640 discretionis
603 2597 811 2639 memoria
848 2597 1097 2638 nullatenus
1139 2611 1236 2638 reor
1277 2597 1494 2645 excidisse,

96 2670 140 2708 et
170 2670 319 2708 tamen
353 2665 681 2708 desiderabilem
710 2668 846 2707 tantae
879 2664 1033 2706 salutis
1066 2665 1275 2720 pietatem
1299 2665 1391 2720 jam
1422 2665 1497 2705 ob-

97 2735 227 2776 duxit
270 2749 358 2775 non
401 2734 676 2776 mediocriter
721 2733 983 2788 stupendum
1029 2732 1318 2788 productioris
1364 2746 1495 2774 mora*

683 2868 693 2888 ¹
720 2868 780 2901 See
797 2878 827 2910 p.
845 2866 924 2899 22&

1223 2913 1309 2952 02

1529 882 1680 915 Lincoln.
