1905 3180
651 273 885 303 ErlsToLAE.
1383 261 1464 299 115

66 385 223 440 byteri.
287 385 482 436 Quorum
510 386 646 428 frater
676 387 862 429 Thomas
893 387 1002 427 mihi
1029 387 1248 442 rescripsit
1277 387 1469 427 litteram

69 468 198 508 (piam
249 453 375 494 vobis
429 455 717 509 praesentibus
759 456 969 496 inclusam
1015 455 1298 505 transmitto;
1350 468 1470 494 max-

68 522 153 562 ime
175 524 349 576 propter
370 521 695 563 lamentabilem
717 527 934 573 eventum,
950 522 1127 563 Terram
1149 522 1353 564 Sanctam
1375 536 1472 562 con-

67 589 322 644 tingentem,
366 590 413 629 in
444 589 520 630 illa
560 594 824 632 contentum.
887 590 948 630 Et
984 594 1035 631 ut
1066 590 1267 644 ampliori
1299 590 1472 630 misera-

67 656 187 698 tione
223 658 488 699 moveamini
516 672 644 713 super
669 658 930 699 monasterio
953 658 1005 699 de
1038 657 1235 706 Beletun,
1259 657 1375 711 quod
1407 659 1471 697 est

68 724 310 779 specialiori
346 726 636 781 praerogativa
667 729 825 768 vestrae
866 725 1110 767 sanctitatis
1144 724 1319 766 novella
1350 724 1471 779 plan-

69 792 193 843 tatio,
235 793 385 834 colono
428 794 543 848 quod
587 793 808 849 plantavit
859 794 1042 849 rigante,
1077 793 1268 834 Domino
1310 795 1470 839 autem,

69 860 160 901 sine
191 875 276 915 quo
317 875 457 916 neque
504 861 580 916 qui
610 862 796 917 plantat,
840 876 980 916 neque
1025 861 1099 916 qui
1150 861 1276 916 rigat,
1310 858 1475 914 aliquid

70 932 146 978 est,
178 928 498 970 incrementum
531 929 675 980 dante,
721 944 819 970 cum
856 929 1013 971 laetiori
1044 929 1135 984 spei
1172 927 1474 984 expectatione

70 996 411 1038 abundantiores
470 996 623 1038 salutis
677 997 843 1039 fructus
895 998 942 1038 111
995 996 1169 1039 Christo
1220 993 1472 1051 p1·olatura.¹

70 1063 313 1105 Plurimum
339 1068 404 1106 est
436 1064 718 1106 desiderabile
739 1068 791 1106 ut
821 1065 892 1106 hic
922 1079 1056 1106 morae
1087 1063 1359 1119 dispendium
1387 1077 1477 1104 non

71 1132 254 1187 ingerat,
290 1132 491 1187 quamvis
536 1133 705 1188 jugiter
751 1133 965 1188 ingruam,
998 1136 1092 1174 tam
1138 1132 1263 1172 varia
1296 1144 1476 1185 occupa-

70 1200 243 1241 tionum
274 1200 534 1250 turbamina,
569 1200 801 1241 oblivionis
838 1201 954 1255 quod
984 1200 1100 1241 absit
1130 1199 1309 1240 incuria.
1372 1196 1477 1239 Cus-

70 1267 215 1308 todiat
248 1281 324 1308 vos
357 1267 442 1308 Dei
475 1268 631 1318 virtus,
668 1268 752 1309 Dei
799 1268 1027 1323 sapientia,
1060 1267 1144 1308 Dei
1186 1265 1472 1308 sanctificatio

71 1349 148 1390 per
188 1335 362 1376 beatam
404 1335 774 1376 interventionem
816 1335 1211 1391 superdignissimae
1243 1332 1477 1374 Genitricis

72 1417 172 1444 suae.

133 1470 260 1511 Feria
303 1470 491 1511 secunda
540 1473 639 1525 post
690 1469 1036 1525 purificationem
1089 1469 1242 1511 Beatae
1279 1469 1475 1524 Virginis
1494 1483 1651 1524 Disputes

71 1540 287 1579 venerunt
339 1537 540 1578 dominus
591 1552 669 1578 rex
712 1541 756 1579 et
801 1538 979 1579 domina
1032 1538 1184 1593 regina
1237 1537 1467 1579 Oxoniam.

1494 1528 1529 1559 in
1545 1528 1600 1559 the
1618 1526 1701 1558 Uni-

1494 1570 1619 1612 versity
1635 1570 1673 1601 of

74 1605 166 1647 Ubi
218 1605 437 1646 occasione
489 1605 672 1646 duorum
735 1606 986 1647 clericorum
1037 1620 1116 1661 pro
1168 1605 1256 1646 suis
1307 1605 1475 1647 delictis
1497 1615 1636 1647 Oxford.

72 1674 447 1726 incarceratorum,
481 1673 571 1729 egit
602 1674 866 1715 universitas
896 1673 1155 1715 scholarium
1187 1673 1303 1728 apud
1345 1674 1480 1714 domi-

1497 1660 1585 1692 A.D.
1608 1663 1700 1691 1251.

74 1756 179 1782 num
223 1755 379 1797 regem,
443 1745 495 1782 ut
561 1756 637 1796 per
702 1741 1020 1783 Cancellarium
1081 1755 1159 1796 pro
1223 1755 1478 1796 quocunque
1499 1747 1576 1778 Feb.
1596 1747 1663 1778 4th·

75 1823 251 1851 excessu
302 1809 373 1849 vel
424 1809 625 1858 facinore,
674 1809 816 1850 clerici
863 1809 1159 1863 comprehensi
1200 1811 1243 1849 et
1279 1809 1479 1863 requisiti

74 1877 316 1917 liberentur
353 1876 405 1917 de
452 1890 619 1917 carcere
650 1877 769 1931 regio
812 1880 856 1917 et
902 1876 1142 1917 reddantur
1185 1875 1479 1927 Cancellari03

77 1944 208 1999 quia2
246 1943 447 1984 dominus
486 1957 564 1984 rex
607 1943 816 1984 concessit
859 1944 920 1985 eis
961 1943 1041 1984 hoc
1084 1943 1180 1984 fieri
1223 1943 1271 1983 in
1312 1943 1480 1984 delictis

74 2011 172 2063 illis,
225 2011 273 2051 in
322 2011 480 2065 quibus
544 2010 835 2052 Cancellarius
886 2011 1025 2053 vicem
1083 2025 1236 2066 gerens
1295 2011 1481 2066 episcopi

76 2082 220 2135 potest
262 2077 466 2119 exhibere
491 2077 728 2132 justitiam,
773 2079 1006 2135 condignas
1047 2093 1199 2134 poenas
1229 2078 1477 2133 infligendo.

79 2147 134 2188 In
166 2146 385 2187 atrocibus
437 2148 585 2187 autem
637 2146 904 2196 criminibus,
938 2147 985 2187 in
1031 2146 1189 2201 quibus
1235 2146 1476 2201 requiritur

78 2217 156 2256 aut
199 2213 412 2269 depositio
444 2216 522 2254 aut
564 2213 831 2269 degradatio,
874 2214 1126 2256 nullatenus
1177 2214 1385 2255 concessit
1427 2218 1478 2256 ut

76 2283 316 2324 reddantur
365 2281 620 2322 incarcerati
678 2281 820 2323 clerici
870 2283 954 2323 nisi
1005 2282 1213 2337 episcopo,
1268 2281 1340 2322 vel
1391 2281 1482 2336 ejus

78 2350 260 2399 officiali,
283 2349 354 2390 vel
375 2349 537 2390 vicario
559 2349 615 2390 ad
643 2349 723 2391 1100
754 2350 1021 2401 constitut03
1051 2354 1230 2405 propter
1262 2350 1378 2404 quod
1409 2350 1482 2391 ad-

77 2418 162 2460 huc
213 2418 261 2458 in
312 2416 580 2458 confectione
631 2418 913 2472 praesentium
964 2432 1124 2473 magna
1174 2417 1260 2458 fuit
1304 2420 1482 2458 conten-

80 2486 211 2527 tionis
254 2486 409 2527 seditio
460 2485 578 2526 inter
607 2484 803 2540 juniores
845 2489 889 2527 et
940 2486 1129 2527 seniores
1169 2485 1479 2534 universitatis,

81 2553 167 2594 illis
238 2567 514 2608 nequaquam
577 2553 917 2608 acceptantibus,
979 2554 1074 2594 istis
1125 2567 1229 2594 vero
1292 2552 1479 2593 multum

81 2621 433 2676 approbantibus,
468 2621 514 2661 in
545 2621 625 2662 hac
656 2625 790 2676 parte,
816 2622 978 2663 dictam
1009 2621 1192 2662 formam
1223 2620 1355 2675 regiae
1387 2634 1483 2660 con-

82 2689 292 2730 cessionis.
351 2688 577 2729 Liberavit
609 2688 809 2729 dominus
840 2703 918 2730 rex
949 2688 1152 2744 praefatos
1184 2688 1357 2728 clericos
1379 2688 1484 2727 duos

130 2868 349 2912 ¹pr0laturas,
367 2869 441 2901 MS.
766 2868 771 2913 Ι
836 2871 848 2888 ²
869 2869 920 2907 Q’,
944 2869 1017 2902 MS.
