1905 3180
409 254 492 297 170
912 259 1018 291 ADAE
1050 260 1110 291 DE
1140 257 1336 291 MAinsco

409 384 429 398 ‘⁴
463 379 717 433 opportune,
742 375 1028 431 importune.'’
1082 376 1141 416 Et
1163 388 1440 430 nequaquam
1466 371 1806 428 increpationem

407 445 741 494 commendavit,
787 445 832 485 ni
876 444 997 500 prius
1044 443 1322 499 praecepisset
1366 442 1718 489 obsecrationem,
1764 443 1809 481 et

406 514 591 570 denique
636 513 1053 555 consummationem
1087 512 1248 553 faciens
1280 510 1520 567 subjungit,
1566 510 1647 550 “in
1690 508 1809 550 omni

407 588 429 603 “
461 582 679 638 patientia
710 585 754 623 et
776 580 1013 624 doctrina.''
1076 580 1141 621 Ea
1173 580 1307 621 recito
1340 594 1437 635 qua}
1468 578 1610 620 nescio
1643 578 1680 619 si
1712 577 1808 632 quis

406 654 451 692 te
494 651 647 693 melius
678 650 879 703 noverit3
916 652 1066 691 notam
1098 648 1308 704 improbae
1340 646 1662 703 praesumtionis
1694 645 1810 701 apud

407 719 663 762 clementem
708 719 903 762 animum
951 733 1074 775 spero
1120 732 1208 760 non
1241 717 1434 759 incurret
1486 716 1647 758 devota
1694 713 1812 756 solli—

407 787 568 830 citudo.
1543 793 1545 796 ⁴

1047 988 1164 1030 LXI.

695 1110 896 1153 Domino
928 1107 1186 1154 Lincolnicc
1217 1110 1380 1171 Erater
1410 1108 1529 1151 Adeo.

188 1244 258 1276 llas
275 1246 369 1295 inade
472 1238 612 1279 Juxta
655 1240 848 1279 tenorem
885 1237 1092 1293 jussionis
1132 1241 1291 1279 vestrae
1324 1237 1392 1292 egi
1435 1235 1553 1291 apud
1596 1234 1816 1276 dominam

180 1291 395 1377 tippeolffgglgyop’s
413 1307 675 1348 comitissam
725 1305 1012 1361 Leycestriae¹
1063 1309 1114 1347 ut
1154 1320 1241 1345 non
1292 1305 1596 1346 molestaretur
1638 1317 1716 1359 pro
1769 1317 1817 1344 eo

190 1380 269 1435 vgith
283 1380 338 1412 the
413 1374 531 1430 quod
586 1389 674 1415 non
734 1374 913 1415 misistis
966 1373 1105 1415 eidem
1157 1373 1257 1414 Joh.
1320 1373 1372 1414 de
1427 1372 1687 1427 Leycestria,
1744 1371 1814 1412 de-

190 1424 400 1507 ἓὲζὲὲζῗέῖοΐ
412 1443 561 1484 functo
605 1443 815 1498 magistro
850 1442 905 1482 H.
945 1455 1081 1496 coquo
1124 1445 1282 1488 vestro,
1328 1441 1396 1482 cui
1442 1441 1559 1482 Deus
1602 1440 1812 1481 remittat.

190 1512 349 1562 who-will
412 1511 516 1566 Ipsa
559 1514 706 1552 autem
759 1525 846 1551 non
890 1512 1063 1550 tantum
1115 1509 1167 1550 de
1211 1509 1484 1564 beneplacito
1529 1512 1676 1549 vestro
1727 1522 1816 1548 non

190 1558 394 1633 ἒὲᾗῗζὲζᾶᾘθ
412 1583 477 1619 est
515 1578 773 1627 molestata3
808 1578 941 1618 immo
989 1577 1102 1618 sicut
1144 1577 1328 1619 firmiter
1370 1577 1553 1617 asseruit
1594 1576 1631 1617 si
1673 1579 1816 1616 essent

191 1645 246 1695 the
263 1645 388 1687 Bishop
413 1647 451 1688 ei
505 1647 805 1687 ministrorum
850 1645 1017 1700 optimi,
1060 1648 1104 1686 et
1148 1648 1534 1699 quantumcunque
1575 1643 1816 1693 necessarii,

191 1690 349 1766 {Ygsshsffissy
360 1691 396 1722 of
412 1715 538 1770 pleno
583 1713 942 1770 promptitudinis
994 1713 1153 1768 gaudio
1204 1712 1494 1753 dominationi
1542 1715 1699 1754 vestrae
1739 1712 1818 1752 mi-

192 1783 298 1810 vants.
413 1783 676 1824 nistraturos
718 1782 887 1823 eosdem
930 1781 1193 1823 concederet.
1260 1781 1413 1822 Risum
1457 1780 1593 1822 dolori
1645 1779 1819 1822 miscuit

415 1854 535 1892 carta
578 1850 685 1891 mihi
729 1849 983 1891 transmissa
1015 1850 1135 1904 cujus
1168 1848 1433 1890 characteres
1469 1849 1644 1904 propria
1686 1862 1819 1889 manu

414 1919 549 1961 vestri
601 1918 744 1974 gratia
796 1917 1119 1972 conscripsistis,
1168 1917 1228 1958 sic
1284 1916 1519 1959 inchoata:
1577 1921 1600 1939 “
1621 1916 1822 1972 Scripsis-

419 1993 439 2008 “
471 2001 559 2028 seni
593 1986 677 2027 tibi
719 1986 865 2041 aliqua.
897 1985 949 2026 de
996 1984 1325 2026 delectabilibus
1359 1988 1403 2026 et
1447 1985 1499 2026 de
1541 1985 1695 2033 anxiis,
1745 1984 1820 2026 sed

420 2064 440 2076 “
474 2053 843 2096 circumstantiae‘2
878 2053 1022 2095 anxiae
1054 2057 1098 2094 et
1128 2052 1323 2094 brevitas
1354 2053 1563 2108 temporis
1594 2067 1681 2094 non
1725 2068 1819 2108 per-

417 2128 439 2145 “
472 2122 723 2164 miserunt?
789 2121 1054 2172 Quarumvis
1077 2120 1238 2162 etenim
1270 2121 1547 2162 anxietatum
1579 2135 1822 2176 usquequa-

417 2205 499 2245 que
547 2189 859 2245 superuberent
904 2189 1222 2239 inundationes,
1271 2204 1368 2230 cum
1411 2189 1469 2230 sit
1516 2204 1641 2231 omne
1688 2192 1820 2244 caput

416 2257 684 2313 languidum,
718 2260 762 2298 et
799 2272 923 2298 omne
955 2271 1027 2298 cor
1058 2271 1255 2308 mcerens,
1294 2272 1319 2297 a
1350 2257 1503 2312 planta
1533 2257 1655 2312 pedis
1685 2271 1821 2312 usque

418 2326 473 2366 ad
505 2326 713 2366 verticem
757 2325 912 2380 capitis
952 2339 1041 2366 non
1082 2325 1140 2365 sit
1181 2325 1373 2375 sanitas,
1409 2325 1461 2366 de
1498 2325 1820 2367 delectabilium

416 2397 565 2434 tamen
598 2392 852 2434 inventione
886 2395 978 2433 tam
1006 2406 1105 2432 rara
1141 2392 1450 2433 certitudinem
1491 2391 1670 2447 ingessit
1717 2393 1820 2434 insi·

418 2461 640 2502 nuationis
681 2463 837 2502 Vestrae
882 2459 1094 2501 discretio.
1174 2460 1317 2516 Igitur
1363 2459 1615 2514 ampliorem
1659 2460 1821 2516 ingerit

418 2529 619 2571 laetitiam
653 2528 769 2582 quod
801 2527 1021 2582 tetigistis.
1087 2527 1208 2568 Licet
1245 2527 1350 2581 quid
1382 2526 1493 2567 illud
1524 2527 1583 2569 sit
1615 2528 1820 2583 ignorem.

466 2707 472 2725 ¹
492 2706 646 2743 Eleanor,
671 2704 766 2736 sister
797 2704 836 2734 os
864 2703 980 2744 llenry
1011 2702 1088 2741 ML,
1151 2703 1263 2745 clergy
1282 2704 1347 2734 and
1363 2703 1483 2742 others,
1497 2713 1532 2735 as
1550 2704 1607 2736 she
1623 2702 1688 2736 had
1706 2704 1821 2737 vowed

420 2758 539 2790 widow
563 2758 602 2789 of
622 2757 769 2788 William
796 2756 984 2788 Mareschal
1000 2756 1038 2786 E.
1057 2755 1094 2787 of
1151 2756 1305 2797 chastity.

421 2811 618 2849 Pembroke,
643 2809 788 2841 married
810 2813 844 2840 to
870 2808 925 2840 the
950 2808 1032 2840 Earl
1056 2807 1089 2839 in
1248 2845 1254 2850 .
1442 2845 1447 2851 ¹
1554 2846 1558 2853 ι

425 2866 520 2902 1239,
536 2863 637 2895 much
653 2867 687 2895 to
702 2862 757 2894 the
774 2862 960 2894 discontent
977 2861 1015 2893 of
1033 2860 1088 2894 the
1195 2846 1207 2864 ²
1223 2850 1479 2884 Clrffl'nsta'ffi‘ffi
1497 2845 1569 2879 MS·
