<?xml version="1.0" encoding="UTF-8"?>
<!DOCTYPE html PUBLIC "-//W3C//DTD XHTML 1.0 Transitional//EN"
    "http://www.w3.org/TR/xhtml1/DTD/xhtml1-transitional.dtd">
<html xmlns="http://www.w3.org/1999/xhtml" xml:lang="en" lang="en">
 <head>
  <title>
</title>
<meta http-equiv="Content-Type" content="text/html;charset=utf-8" />
  <meta name='ocr-system' content='tesseract 3.04.00' />
  <meta name='ocr-capabilities' content='ocr_page ocr_carea ocr_par ocr_line ocrx_word'/>
</head>
<body>
  <div class='ocr_page' id='page_1' title='image "./monumentafrancis01thom_0486.png"; bbox 0 0 1905 3180; ppageno 0'>
   <div class='ocr_carea' id='block_1_1' title="bbox 196 1005 383 1108">
    <p class='ocr_par' dir='ltr' id='par_1_1' title="bbox 196 1005 383 1108">
     <span class='ocr_line' id='line_1_1' title="bbox 196 1005 383 1047; baseline -0.016 -9"><span class='ocrx_word' id='word_1_1' title='bbox 196 1006 277 1047; x_wconf 79' lang='lat' dir='ltr'>July</span> <span class='ocrx_word' id='word_1_2' title='bbox 295 1005 383 1036; x_wconf 69' lang='lat' dir='ltr'>Qssth.</span> 
     </span>
     <span class='ocr_line' id='line_1_2' title="bbox 197 1067 362 1108; baseline 0 -11"><span class='ocrx_word' id='word_1_3' title='bbox 197 1067 286 1108; x_wconf 83' lang='lat' dir='ltr'>Aug.</span> <span class='ocrx_word' id='word_1_4' title='bbox 307 1070 362 1098; x_wconf 85' lang='lat' dir='ltr'>lst.</span> 
     </span>
    </p>
   </div>
   <div class='ocr_carea' id='block_1_2' title="bbox 201 1401 399 1751">
    <p class='ocr_par' dir='ltr' id='par_1_2' title="bbox 201 1401 399 1751">
     <span class='ocr_line' id='line_1_3' title="bbox 201 1401 396 1434; baseline 0 -1"><span class='ocrx_word' id='word_1_5' title='bbox 201 1401 230 1433; x_wconf 84' lang='lat' dir='ltr'>T</span> <span class='ocrx_word' id='word_1_6' title='bbox 234 1403 273 1434; x_wconf 81' lang='lat' dir='ltr'>he</span> <span class='ocrx_word' id='word_1_7' title='bbox 287 1402 396 1434; x_wconf 85' lang='lat' dir='ltr'>Arch-</span> 
     </span>
     <span class='ocr_line' id='line_1_4' title="bbox 201 1447 318 1487; baseline 0 -10"><span class='ocrx_word' id='word_1_8' title='bbox 201 1447 318 1487; x_wconf 85' lang='lat' dir='ltr'>bishop</span> 
     </span>
     <span class='ocr_line' id='line_1_5' title="bbox 201 1491 319 1522; baseline 0 -1"><span class='ocrx_word' id='word_1_9' title='bbox 201 1491 319 1522; x_wconf 78' lang='lat' dir='ltr'>wishes</span> 
     </span>
     <span class='ocr_line' id='line_1_6' title="bbox 201 1535 341 1566; baseline 0.007 -1"><span class='ocrx_word' id='word_1_10' title='bbox 201 1535 284 1566; x_wconf 84' lang='lat' dir='ltr'>Rob.</span> <span class='ocrx_word' id='word_1_11' title='bbox 302 1536 341 1566; x_wconf 86' lang='lat' dir='ltr'>de</span> 
     </span>
     <span class='ocr_line' id='line_1_7' title="bbox 202 1579 394 1616; baseline 0.01 -7"><span class='ocrx_word' id='word_1_12' title='bbox 202 1579 340 1616; x_wconf 83' lang='lat' dir='ltr'>Rostun,</span> <span class='ocrx_word' id='word_1_13' title='bbox 356 1589 394 1611; x_wconf 82' lang='grc' dir='ltr'>οι·</span> 
     </span>
     <span class='ocr_line' id='line_1_8' title="bbox 204 1623 399 1662; baseline 0.005 -9"><span class='ocrx_word' id='word_1_14' title='bbox 204 1633 292 1654; x_wconf 86' lang='lat' dir='ltr'>some</span> <span class='ocrx_word' id='word_1_15' title='bbox 309 1623 399 1662; x_wconf 67' lang='lat' dir='ltr'>friam</span> 
     </span>
     <span class='ocr_line' id='line_1_9' title="bbox 203 1666 378 1699; baseline 0.011 -3"><span class='ocrx_word' id='word_1_16' title='bbox 203 1666 282 1697; x_wconf 70' lang='lat' dir='ltr'>with</span> <span class='ocrx_word' id='word_1_17' title='bbox 300 1667 378 1699; x_wconf 88' lang='lat' dir='ltr'>him.</span> 
     </span>
     <span class='ocr_line' id='line_1_10' title="bbox 204 1710 366 1751; baseline 0.012 -11"><span class='ocrx_word' id='word_1_18' title='bbox 204 1710 293 1751; x_wconf 81' lang='lat' dir='ltr'>Aug.</span> <span class='ocrx_word' id='word_1_19' title='bbox 309 1711 366 1742; x_wconf 75' lang='lat' dir='ltr'>eth</span> 
     </span>
    </p>
   </div>
   <div class='ocr_carea' id='block_1_3' title="bbox 206 1808 386 1849">
    <p class='ocr_par' dir='ltr' id='par_1_3' title="bbox 206 1808 386 1849">
     <span class='ocr_line' id='line_1_11' title="bbox 206 1808 386 1849; baseline 0.011 -9"><span class='ocrx_word' id='word_1_20' title='bbox 206 1808 279 1849; x_wconf 82' lang='lat' dir='ltr'>Sep.</span> <span class='ocrx_word' id='word_1_21' title='bbox 298 1810 386 1842; x_wconf 73' lang='lat' dir='ltr'>29th.</span> 
     </span>
    </p>
   </div>
   <div class='ocr_carea' id='block_1_4' title="bbox 408 245 1309 285">
    <p class='ocr_par' dir='ltr' id='par_1_4' title="bbox 408 245 1309 285">
     <span class='ocr_line' id='line_1_12' title="bbox 408 245 1309 285; baseline -0.006 -2"><span class='ocrx_word' id='word_1_22' title='bbox 408 245 490 285; x_wconf 68' lang='lat'>328</span> <span class='ocrx_word' id='word_1_23' title='bbox 880 249 985 280; x_wconf 84' lang='lat' dir='ltr'>ADAE</span> <span class='ocrx_word' id='word_1_24' title='bbox 1018 249 1078 280; x_wconf 85' lang='lat' dir='ltr'>DE</span> <span class='ocrx_word' id='word_1_25' title='bbox 1109 248 1309 278; x_wconf 74' lang='lat' dir='ltr'>MAmsco</span> 
     </span>
    </p>
   </div>
   <div class='ocr_carea' id='block_1_5' title="bbox 407 367 1827 2743">
    <p class='ocr_par' dir='ltr' id='par_1_5' title="bbox 407 367 1827 2743">
     <span class='ocr_line' id='line_1_13' title="bbox 407 367 1805 429; baseline -0.005 -14"><span class='ocrx_word' id='word_1_26' title='bbox 407 375 654 429; x_wconf 57' lang='lat' dir='ltr'>esdscopatu</span> <span class='ocrx_word' id='word_1_27' title='bbox 698 372 974 421; x_wconf 74' lang='lat' dir='ltr'>Londinensi‚</span> <span class='ocrx_word' id='word_1_28' title='bbox 1014 371 1341 427; x_wconf 83' lang='lat' dir='ltr'>urgentioribus</span> <span class='ocrx_word' id='word_1_29' title='bbox 1386 370 1529 411; x_wconf 88' lang='lat' dir='ltr'>victus</span> <span class='ocrx_word' id='word_1_30' title='bbox 1571 367 1805 416; x_wconf 84' lang='lat' dir='ltr'>instantiis,</span> 
     </span>
     <span class='ocr_line' id='line_1_14' title="bbox 407 435 1813 496; baseline -0.004 -14"><span class='ocrx_word' id='word_1_31' title='bbox 407 443 509 482; x_wconf 74' lang='lat' dir='ltr'>locis</span> <span class='ocrx_word' id='word_1_32' title='bbox 544 441 739 496; x_wconf 79' lang='lat' dir='ltr'>pluribus</span> <span class='ocrx_word' id='word_1_33' title='bbox 762 441 808 481; x_wconf 91' lang='lat' dir='ltr'>in</span> <span class='ocrx_word' id='word_1_34' title='bbox 835 440 1040 482; x_wconf 74' lang='lat' dir='ltr'>exercitio</span> <span class='ocrx_word' id='word_1_35' title='bbox 1063 438 1339 487; x_wconf 62' lang='lat' dir='ltr'>visitationis,</span> <span class='ocrx_word' id='word_1_36' title='bbox 1363 452 1493 492; x_wconf 86' lang='lat' dir='ltr'>quam</span> <span class='ocrx_word' id='word_1_37' title='bbox 1518 437 1591 492; x_wconf 85' lang='lat' dir='ltr'>(sit</span> <span class='ocrx_word' id='word_1_38' title='bbox 1613 435 1813 477; x_wconf 83' lang='lat' dir='ltr'>benedic-</span> 
     </span>
     <span class='ocr_line' id='line_1_15' title="bbox 408 505 1814 563; baseline -0.005 -13"><span class='ocrx_word' id='word_1_39' title='bbox 408 510 471 550; x_wconf 87' lang='lat' dir='ltr'>tio</span> <span class='ocrx_word' id='word_1_40' title='bbox 504 509 651 549; x_wconf 84' lang='lat' dir='ltr'>divino</span> <span class='ocrx_word' id='word_1_41' title='bbox 675 508 854 549; x_wconf 83' lang='lat' dir='ltr'>Nomini</span> <span class='ocrx_word' id='word_1_42' title='bbox 868 511 893 563; x_wconf 74' lang='grc' dir='ltr'>ἶ)</span> <span class='ocrx_word' id='word_1_43' title='bbox 927 512 970 549; x_wconf 93' lang='lat' dir='ltr'>et</span> <span class='ocrx_word' id='word_1_44' title='bbox 986 508 1162 563; x_wconf 80' lang='lat' dir='ltr'>jugiter,</span> <span class='ocrx_word' id='word_1_45' title='bbox 1181 510 1225 548; x_wconf 90' lang='lat' dir='ltr'>et</span> <span class='ocrx_word' id='word_1_46' title='bbox 1245 506 1491 562; x_wconf 87' lang='lat' dir='ltr'>prudenter,</span> <span class='ocrx_word' id='word_1_47' title='bbox 1516 508 1560 546; x_wconf 90' lang='lat' dir='ltr'>et</span> <span class='ocrx_word' id='word_1_48' title='bbox 1582 505 1814 546; x_wconf 87' lang='lat' dir='ltr'>clementer</span> 
     </span>
     <span class='ocr_line' id='line_1_16' title="bbox 411 573 1814 629; baseline -0.004 -11"><span class='ocrx_word' id='word_1_49' title='bbox 411 581 454 618; x_wconf 87' lang='lat' dir='ltr'>et</span> <span class='ocrx_word' id='word_1_50' title='bbox 486 580 745 627; x_wconf 78' lang='lat' dir='ltr'>constanter,</span> <span class='ocrx_word' id='word_1_51' title='bbox 779 591 874 617; x_wconf 87' lang='lat' dir='ltr'>cum</span> <span class='ocrx_word' id='word_1_52' title='bbox 914 575 1111 617; x_wconf 76' lang='lat' dir='ltr'>concordi</span> <span class='ocrx_word' id='word_1_53' title='bbox 1144 578 1396 616; x_wconf 88' lang='lat' dir='ltr'>cunctorum</span> <span class='ocrx_word' id='word_1_54' title='bbox 1440 573 1664 629; x_wconf 81' lang='lat' dir='ltr'>expedivit</span> <span class='ocrx_word' id='word_1_55' title='bbox 1694 575 1814 613; x_wconf 83' lang='lat' dir='ltr'>tran-</span> 
     </span>
     <span class='ocr_line' id='line_1_17' title="bbox 413 639 1816 699; baseline -0.003 -15"><span class='ocrx_word' id='word_1_56' title='bbox 413 645 641 699; x_wconf 80' lang='lat' dir='ltr'>quillitate,</span> <span class='ocrx_word' id='word_1_57' title='bbox 675 644 957 699; x_wconf 80' lang='lat' dir='ltr'>personaliter</span> <span class='ocrx_word' id='word_1_58' title='bbox 999 643 1233 694; x_wconf 76' lang='lat' dir='ltr'>astiteram,</span> <span class='ocrx_word' id='word_1_59' title='bbox 1268 643 1319 683; x_wconf 91' lang='lat' dir='ltr'>de</span> <span class='ocrx_word' id='word_1_60' title='bbox 1371 641 1598 683; x_wconf 85' lang='lat' dir='ltr'>memorati</span> <span class='ocrx_word' id='word_1_61' title='bbox 1650 639 1816 682; x_wconf 87' lang='lat' dir='ltr'>domini</span> 
     </span>
     <span class='ocr_line' id='line_1_18' title="bbox 414 708 1815 761; baseline -0.004 -8"><span class='ocrx_word' id='word_1_62' title='bbox 414 713 683 761; x_wconf 76' lang='lat' dir='ltr'>sustinentia,</span> <span class='ocrx_word' id='word_1_63' title='bbox 709 712 894 753; x_wconf 82' lang='lat' dir='ltr'>dimissis</span> <span class='ocrx_word' id='word_1_64' title='bbox 928 726 1025 752; x_wconf 88' lang='lat' dir='ltr'>cum</span> <span class='ocrx_word' id='word_1_65' title='bbox 1058 711 1206 752; x_wconf 90' lang='lat' dir='ltr'>eodem</span> <span class='ocrx_word' id='word_1_66' title='bbox 1241 710 1408 752; x_wconf 87' lang='lat' dir='ltr'>dilectis</span> <span class='ocrx_word' id='word_1_67' title='bbox 1440 709 1648 750; x_wconf 83' lang='lat' dir='ltr'>fratribus</span> <span class='ocrx_word' id='word_1_68' title='bbox 1680 708 1730 749; x_wconf 86' lang='lat' dir='ltr'>R.</span> <span class='ocrx_word' id='word_1_69' title='bbox 1763 708 1815 749; x_wconf 92' lang='lat' dir='ltr'>de</span> 
     </span>
     <span class='ocr_line' id='line_1_19' title="bbox 418 776 1816 833; baseline -0.004 -12"><span class='ocrx_word' id='word_1_70' title='bbox 418 781 597 829; x_wconf 59' lang='lat' dir='ltr'>Ecstun,</span> <span class='ocrx_word' id='word_1_71' title='bbox 632 784 676 821; x_wconf 89' lang='lat' dir='ltr'>et</span> <span class='ocrx_word' id='word_1_72' title='bbox 710 780 756 820; x_wconf 79' lang='lat' dir='ltr'>G.</span> <span class='ocrx_word' id='word_1_73' title='bbox 793 780 843 820; x_wconf 91' lang='lat' dir='ltr'>de</span> <span class='ocrx_word' id='word_1_74' title='bbox 876 779 974 828; x_wconf 72' lang='lat' dir='ltr'>Ver,</span> <span class='ocrx_word' id='word_1_75' title='bbox 1009 793 1063 820; x_wconf 73' lang='lat' dir='ltr'>ex</span> <span class='ocrx_word' id='word_1_76' title='bbox 1100 778 1295 819; x_wconf 83' lang='lat' dir='ltr'>consulta</span> <span class='ocrx_word' id='word_1_77' title='bbox 1337 777 1535 833; x_wconf 67' lang='lat' dir='ltr'>gareliani</span> <span class='ocrx_word' id='word_1_78' title='bbox 1567 776 1816 818; x_wconf 84' lang='lat' dir='ltr'>Londinen-</span> 
     </span>
     <span class='ocr_line' id='line_1_20' title="bbox 418 845 1815 903; baseline -0.004 -14"><span class='ocrx_word' id='word_1_79' title='bbox 418 849 474 889; x_wconf 83' lang='lat' dir='ltr'>sis</span> <span class='ocrx_word' id='word_1_80' title='bbox 517 849 775 903; x_wconf 58' lang='lat' dir='ltr'>[novisiona</span> <span class='ocrx_word' id='word_1_81' title='bbox 814 847 984 888; x_wconf 78' lang='lat' dir='ltr'>residuo</span> <span class='ocrx_word' id='word_1_82' title='bbox 1020 846 1286 888; x_wconf 64' lang='lat' dir='ltr'>visitationis</span> <span class='ocrx_word' id='word_1_83' title='bbox 1328 846 1375 886; x_wconf 87' lang='lat' dir='ltr'>in</span> <span class='ocrx_word' id='word_1_84' title='bbox 1419 846 1532 887; x_wconf 88' lang='lat' dir='ltr'>dicto</span> <span class='ocrx_word' id='word_1_85' title='bbox 1564 845 1815 900; x_wconf 84' lang='lat' dir='ltr'>episcopatu</span> 
     </span>
     <span class='ocr_line' id='line_1_21' title="bbox 418 913 1816 971; baseline -0.001 -16"><span class='ocrx_word' id='word_1_86' title='bbox 418 917 687 971; x_wconf 75' lang='lat' dir='ltr'>perficiendo,</span> <span class='ocrx_word' id='word_1_87' title='bbox 744 930 940 956; x_wconf 86' lang='lat' dir='ltr'>reversus</span> <span class='ocrx_word' id='word_1_88' title='bbox 999 914 1245 955; x_wconf 86' lang='lat' dir='ltr'>Londinum</span> <span class='ocrx_word' id='word_1_89' title='bbox 1306 914 1360 955; x_wconf 90' lang='lat' dir='ltr'>ob</span> <span class='ocrx_word' id='word_1_90' title='bbox 1418 913 1541 955; x_wconf 80' lang='lat' dir='ltr'>varia</span> <span class='ocrx_word' id='word_1_91' title='bbox 1587 913 1816 968; x_wconf 80' lang='lat' dir='ltr'>grandium</span> 
     </span>
     <span class='ocr_line' id='line_1_22' title="bbox 419 982 1818 1038; baseline -0.002 -14"><span class='ocrx_word' id='word_1_92' title='bbox 419 999 643 1025; x_wconf 80' lang='lat' dir='ltr'>causarum</span> <span class='ocrx_word' id='word_1_93' title='bbox 665 983 840 1038; x_wconf 74' lang='lat' dir='ltr'>negotia</span> <span class='ocrx_word' id='word_1_94' title='bbox 861 983 907 1023; x_wconf 90' lang='lat' dir='ltr'>in</span> <span class='ocrx_word' id='word_1_95' title='bbox 930 983 1117 1023; x_wconf 84' lang='lat' dir='ltr'>crastino</span> <span class='ocrx_word' id='word_1_96' title='bbox 1150 983 1268 1024; x_wconf 88' lang='lat' dir='ltr'>beati</span> <span class='ocrx_word' id='word_1_97' title='bbox 1300 982 1467 1033; x_wconf 82' lang='lat' dir='ltr'>Jacobi,</span> <span class='ocrx_word' id='word_1_98' title='bbox 1502 982 1687 1036; x_wconf 77' lang='lat' dir='ltr'>indeque</span> <span class='ocrx_word' id='word_1_99' title='bbox 1721 994 1818 1036; x_wconf 88' lang='lat' dir='ltr'>pro-</span> 
     </span>
     <span class='ocr_line' id='line_1_23' title="bbox 419 1048 1815 1106; baseline -0.003 -13"><span class='ocrx_word' id='word_1_100' title='bbox 419 1052 555 1093; x_wconf 82' lang='lat' dir='ltr'>fectus</span> <span class='ocrx_word' id='word_1_101' title='bbox 587 1052 689 1093; x_wconf 83' lang='lat' dir='ltr'>veni</span> <span class='ocrx_word' id='word_1_102' title='bbox 722 1051 1003 1106; x_wconf 78' lang='lat' dir='ltr'>Bugedenum</span> <span class='ocrx_word' id='word_1_103' title='bbox 1035 1051 1082 1091; x_wconf 90' lang='lat' dir='ltr'>in</span> <span class='ocrx_word' id='word_1_104' title='bbox 1112 1051 1223 1092; x_wconf 84' lang='lat' dir='ltr'>festo</span> <span class='ocrx_word' id='word_1_105' title='bbox 1259 1051 1363 1092; x_wconf 79' lang='lat' dir='ltr'>Scti.</span> <span class='ocrx_word' id='word_1_106' title='bbox 1388 1049 1509 1091; x_wconf 88' lang='lat' dir='ltr'>Petri</span> <span class='ocrx_word' id='word_1_107' title='bbox 1541 1050 1597 1091; x_wconf 87' lang='lat' dir='ltr'>ad</span> <span class='ocrx_word' id='word_1_108' title='bbox 1620 1048 1815 1097; x_wconf 81' lang='lat' dir='ltr'>Vincula,</span> 
     </span>
     <span class='ocr_line' id='line_1_24' title="bbox 420 1117 1819 1174; baseline -0.002 -13"><span class='ocrx_word' id='word_1_109' title='bbox 420 1121 475 1162; x_wconf 82' lang='lat' dir='ltr'>ad</span> <span class='ocrx_word' id='word_1_110' title='bbox 519 1120 743 1161; x_wconf 83' lang='lat' dir='ltr'>dominnm</span> <span class='ocrx_word' id='word_1_111' title='bbox 792 1119 1041 1170; x_wconf 80' lang='lat' dir='ltr'>Lincolniae‚</span> <span class='ocrx_word' id='word_1_112' title='bbox 1092 1119 1143 1160; x_wconf 90' lang='lat' dir='ltr'>de</span> <span class='ocrx_word' id='word_1_113' title='bbox 1181 1118 1392 1174; x_wconf 82' lang='lat' dir='ltr'>corporali</span> <span class='ocrx_word' id='word_1_114' title='bbox 1439 1117 1697 1159; x_wconf 81' lang='lat' dir='ltr'>valetudine</span> <span class='ocrx_word' id='word_1_115' title='bbox 1734 1117 1819 1158; x_wconf 89' lang='lat' dir='ltr'>Dei</span> 
     </span>
     <span class='ocr_line' id='line_1_25' title="bbox 422 1185 1818 1236; baseline -0.003 -6"><span class='ocrx_word' id='word_1_116' title='bbox 422 1189 712 1230; x_wconf 71' lang='lat' dir='ltr'>misericordia</span> <span class='ocrx_word' id='word_1_117' title='bbox 742 1187 1027 1236; x_wconf 80' lang='lat' dir='ltr'>melioratum,</span> <span class='ocrx_word' id='word_1_118' title='bbox 1067 1191 1159 1228; x_wconf 87' lang='lat' dir='ltr'>tam</span> <span class='ocrx_word' id='word_1_119' title='bbox 1205 1187 1440 1228; x_wconf 86' lang='lat' dir='ltr'>secundum</span> <span class='ocrx_word' id='word_1_120' title='bbox 1494 1185 1818 1227; x_wconf 78' lang='lat' dir='ltr'>consistentiam</span> 
     </span>
     <span class='ocr_line' id='line_1_26' title="bbox 423 1254 1821 1311; baseline -0.002 -14"><span class='ocrx_word' id='word_1_121' title='bbox 423 1257 572 1308; x_wconf 81' lang='lat' dir='ltr'>carnis,</span> <span class='ocrx_word' id='word_1_122' title='bbox 620 1271 749 1311; x_wconf 86' lang='lat' dir='ltr'>quam</span> <span class='ocrx_word' id='word_1_123' title='bbox 793 1256 1029 1297; x_wconf 83' lang='lat' dir='ltr'>secundum</span> <span class='ocrx_word' id='word_1_124' title='bbox 1080 1255 1257 1311; x_wconf 86' lang='lat' dir='ltr'>spiritus</span> <span class='ocrx_word' id='word_1_125' title='bbox 1309 1254 1651 1306; x_wconf 74' lang='lat' dir='ltr'>sanctimoniam,</span> <span class='ocrx_word' id='word_1_126' title='bbox 1694 1268 1821 1309; x_wconf 85' lang='lat' dir='ltr'>super</span> 
     </span>
     <span class='ocr_line' id='line_1_27' title="bbox 423 1322 1821 1379; baseline -0.001 -14"><span class='ocrx_word' id='word_1_127' title='bbox 423 1325 659 1365; x_wconf 76' lang='lat' dir='ltr'>humanam</span> <span class='ocrx_word' id='word_1_128' title='bbox 712 1323 1047 1365; x_wconf 65' lang='lat' dir='ltr'>{estimationem</span> <span class='ocrx_word' id='word_1_129' title='bbox 1100 1323 1410 1379; x_wconf 77' lang='lat' dir='ltr'>propitiatione</span> <span class='ocrx_word' id='word_1_130' title='bbox 1457 1322 1622 1364; x_wconf 87' lang='lat' dir='ltr'>Divina</span> <span class='ocrx_word' id='word_1_131' title='bbox 1663 1322 1821 1364; x_wconf 87' lang='lat' dir='ltr'>melius</span> 
     </span>
     <span class='ocr_line' id='line_1_28' title="bbox 424 1390 1822 1448; baseline -0.001 -16"><span class='ocrx_word' id='word_1_132' title='bbox 424 1393 590 1447; x_wconf 83' lang='lat' dir='ltr'>aliquid</span> <span class='ocrx_word' id='word_1_133' title='bbox 622 1392 888 1448; x_wconf 83' lang='lat' dir='ltr'>providente.</span> <span class='ocrx_word' id='word_1_134' title='bbox 952 1391 1043 1432; x_wconf 89' lang='lat' dir='ltr'>Ubi</span> <span class='ocrx_word' id='word_1_135' title='bbox 1079 1391 1307 1433; x_wconf 86' lang='lat' dir='ltr'>memorati</span> <span class='ocrx_word' id='word_1_136' title='bbox 1336 1391 1471 1446; x_wconf 82' lang='lat' dir='ltr'>patris</span> <span class='ocrx_word' id='word_1_137' title='bbox 1513 1390 1679 1432; x_wconf 83' lang='lat' dir='ltr'>domini</span> <span class='ocrx_word' id='word_1_138' title='bbox 1711 1390 1822 1432; x_wconf 82' lang='lat' dir='ltr'>Can-</span> 
     </span>
     <span class='ocr_line' id='line_1_29' title="bbox 424 1459 1821 1515; baseline -0.001 -14"><span class='ocrx_word' id='word_1_139' title='bbox 424 1461 654 1502; x_wconf 82' lang='lat' dir='ltr'>tuariensis</span> <span class='ocrx_word' id='word_1_140' title='bbox 676 1475 752 1515; x_wconf 83' lang='lat' dir='ltr'>per</span> <span class='ocrx_word' id='word_1_141' title='bbox 778 1474 1001 1508; x_wconf 78' lang='lat' dir='ltr'>cursorem,</span> <span class='ocrx_word' id='word_1_142' title='bbox 1026 1460 1281 1514; x_wconf 86' lang='lat' dir='ltr'>portitorem</span> <span class='ocrx_word' id='word_1_143' title='bbox 1310 1459 1604 1515; x_wconf 50' lang='lat' dir='ltr'>prfesentiunr</span> <span class='ocrx_word' id='word_1_144' title='bbox 1628 1459 1821 1500; x_wconf 83' lang='lat' dir='ltr'>litteram</span> 
     </span>
     <span class='ocr_line' id='line_1_30' title="bbox 426 1527 1822 1583; baseline -0.001 -14"><span class='ocrx_word' id='word_1_145' title='bbox 426 1528 564 1583; x_wconf 85' lang='lat' dir='ltr'>recepi</span> <span class='ocrx_word' id='word_1_146' title='bbox 607 1529 653 1569; x_wconf 90' lang='lat' dir='ltr'>in</span> <span class='ocrx_word' id='word_1_147' title='bbox 705 1528 889 1569; x_wconf 86' lang='lat' dir='ltr'>crastino</span> <span class='ocrx_word' id='word_1_148' title='bbox 935 1528 1053 1568; x_wconf 77' lang='lat' dir='ltr'>beati</span> <span class='ocrx_word' id='word_1_149' title='bbox 1097 1527 1224 1577; x_wconf 69' lang='lat' dir='ltr'>sixti,</span> <span class='ocrx_word' id='word_1_150' title='bbox 1268 1528 1568 1582; x_wconf 59' lang='lat' dir='ltr'>praeferentem</span> <span class='ocrx_word' id='word_1_151' title='bbox 1614 1541 1822 1583; x_wconf 83' lang='lat' dir='ltr'>magnum</span> 
     </span>
     <span class='ocr_line' id='line_1_31' title="bbox 426 1595 1823 1652; baseline 0 -16"><span class='ocrx_word' id='word_1_152' title='bbox 426 1596 656 1652; x_wconf 76' lang='lat' dir='ltr'>dignitatis</span> <span class='ocrx_word' id='word_1_153' title='bbox 685 1611 773 1637; x_wconf 65' lang='lat' dir='ltr'>sua}</span> <span class='ocrx_word' id='word_1_154' title='bbox 806 1595 1077 1646; x_wconf 83' lang='lat' dir='ltr'>desiderium,</span> <span class='ocrx_word' id='word_1_155' title='bbox 1110 1599 1161 1636; x_wconf 88' lang='lat' dir='ltr'>ut</span> <span class='ocrx_word' id='word_1_156' title='bbox 1185 1610 1262 1650; x_wconf 87' lang='lat' dir='ltr'>per</span> <span class='ocrx_word' id='word_1_157' title='bbox 1293 1596 1559 1651; x_wconf 80' lang='lat' dir='ltr'>provisivam</span> <span class='ocrx_word' id='word_1_158' title='bbox 1582 1595 1823 1637; x_wconf 82' lang='lat' dir='ltr'>considera-</span> 
     </span>
     <span class='ocr_line' id='line_1_32' title="bbox 427 1663 1823 1719; baseline 0.001 -15"><span class='ocrx_word' id='word_1_159' title='bbox 427 1664 557 1705; x_wconf 82' lang='lat' dir='ltr'>tionis</span> <span class='ocrx_word' id='word_1_160' title='bbox 586 1667 742 1705; x_wconf 75' lang='lat' dir='ltr'>vestrae</span> <span class='ocrx_word' id='word_1_161' title='bbox 774 1664 1122 1705; x_wconf 75' lang='lat' dir='ltr'>benevolentiam</span> <span class='ocrx_word' id='word_1_162' title='bbox 1154 1663 1295 1705; x_wconf 87' lang='lat' dir='ltr'>eidem</span> <span class='ocrx_word' id='word_1_163' title='bbox 1327 1663 1585 1705; x_wconf 83' lang='lat' dir='ltr'>concedatur</span> <span class='ocrx_word' id='word_1_164' title='bbox 1616 1664 1823 1719; x_wconf 69' lang='lat' dir='ltr'>praefatus</span> 
     </span>
     <span class='ocr_line' id='line_1_33' title="bbox 428 1731 1822 1787; baseline 0 -14"><span class='ocrx_word' id='word_1_165' title='bbox 428 1732 561 1773; x_wconf 83' lang='lat' dir='ltr'>frater</span> <span class='ocrx_word' id='word_1_166' title='bbox 616 1732 834 1773; x_wconf 83' lang='lat' dir='ltr'>Robertus</span> <span class='ocrx_word' id='word_1_167' title='bbox 880 1732 932 1773; x_wconf 90' lang='lat' dir='ltr'>de</span> <span class='ocrx_word' id='word_1_168' title='bbox 978 1731 1157 1781; x_wconf 82' lang='lat' dir='ltr'>Rostun,</span> <span class='ocrx_word' id='word_1_169' title='bbox 1203 1731 1353 1773; x_wconf 89' lang='lat' dir='ltr'>saltem</span> <span class='ocrx_word' id='word_1_170' title='bbox 1400 1746 1534 1787; x_wconf 86' lang='lat' dir='ltr'>usque</span> <span class='ocrx_word' id='word_1_171' title='bbox 1566 1732 1623 1773; x_wconf 85' lang='lat' dir='ltr'>ad</span> <span class='ocrx_word' id='word_1_172' title='bbox 1664 1732 1822 1773; x_wconf 90' lang='lat' dir='ltr'>festum</span> 
     </span>
     <span class='ocr_line' id='line_1_34' title="bbox 429 1800 1822 1855; baseline -0.001 -13"><span class='ocrx_word' id='word_1_173' title='bbox 429 1800 510 1842; x_wconf 79' lang='lat' dir='ltr'>Sti.</span> <span class='ocrx_word' id='word_1_174' title='bbox 555 1800 790 1848; x_wconf 77' lang='lat' dir='ltr'>Michaelis,</span> <span class='ocrx_word' id='word_1_175' title='bbox 834 1803 1033 1855; x_wconf 73' lang='lat' dir='ltr'>optatum</span> <span class='ocrx_word' id='word_1_176' title='bbox 1076 1815 1163 1841; x_wconf 75' lang='lat' dir='ltr'>suae</span> <span class='ocrx_word' id='word_1_177' title='bbox 1215 1800 1479 1841; x_wconf 83' lang='lat' dir='ltr'>visitationis</span> <span class='ocrx_word' id='word_1_178' title='bbox 1526 1800 1793 1855; x_wconf 79' lang='lat' dir='ltr'>adjutorium</span> <span class='ocrx_word' id='word_1_179' title='bbox 1812 1817 1822 1852; x_wconf 90' lang='lat'>;</span> 
     </span>
     <span class='ocr_line' id='line_1_35' title="bbox 428 1867 1824 1925; baseline 0.001 -16"><span class='ocrx_word' id='word_1_180' title='bbox 428 1870 513 1910; x_wconf 84' lang='lat' dir='ltr'>mei</span> <span class='ocrx_word' id='word_1_181' title='bbox 555 1883 723 1924; x_wconf 80' lang='lat' dir='ltr'>qnoque</span> <span class='ocrx_word' id='word_1_182' title='bbox 771 1867 1080 1923; x_wconf 82' lang='lat' dir='ltr'>qualiscunque</span> <span class='ocrx_word' id='word_1_183' title='bbox 1114 1883 1202 1909; x_wconf 90' lang='lat' dir='ltr'>non</span> <span class='ocrx_word' id='word_1_184' title='bbox 1235 1872 1418 1924; x_wconf 82' lang='lat' dir='ltr'>negetur</span> <span class='ocrx_word' id='word_1_185' title='bbox 1451 1868 1698 1910; x_wconf 80' lang='lat' dir='ltr'>assistentia</span> <span class='ocrx_word' id='word_1_186' title='bbox 1730 1883 1824 1925; x_wconf 88' lang='lat' dir='ltr'>per-</span> 
     </span>
     <span class='ocr_line' id='line_1_36' title="bbox 430 1936 1827 1992; baseline 0 -13"><span class='ocrx_word' id='word_1_187' title='bbox 430 1937 589 1979; x_wconf 82' lang='lat' dir='ltr'>sonalis</span> <span class='ocrx_word' id='word_1_188' title='bbox 612 1937 668 1978; x_wconf 77' lang='lat' dir='ltr'>ad</span> <span class='ocrx_word' id='word_1_189' title='bbox 690 1937 734 1978; x_wconf 84' lang='lat' dir='ltr'>id</span> <span class='ocrx_word' id='word_1_190' title='bbox 756 1936 908 1992; x_wconf 85' lang='lat' dir='ltr'>ipsum,</span> <span class='ocrx_word' id='word_1_191' title='bbox 933 1937 985 1978; x_wconf 92' lang='lat' dir='ltr'>de</span> <span class='ocrx_word' id='word_1_192' title='bbox 1018 1936 1204 1992; x_wconf 79' lang='lat' dir='ltr'>benigno</span> <span class='ocrx_word' id='word_1_193' title='bbox 1238 1936 1506 1978; x_wconf 85' lang='lat' dir='ltr'>discretionis</span> <span class='ocrx_word' id='word_1_194' title='bbox 1537 1940 1695 1979; x_wconf 72' lang='lat' dir='ltr'>vestrae</span> <span class='ocrx_word' id='word_1_195' title='bbox 1728 1952 1827 1979; x_wconf 87' lang='lat' dir='ltr'>con-</span> 
     </span>
     <span class='ocr_line' id='line_1_37' title="bbox 430 2005 1822 2062; baseline 0.001 -15"><span class='ocrx_word' id='word_1_196' title='bbox 430 2005 551 2057; x_wconf 73' lang='lat' dir='ltr'>sili03</span> <span class='ocrx_word' id='word_1_197' title='bbox 583 2020 609 2046; x_wconf 88' lang='lat' dir='ltr'>a</span> <span class='ocrx_word' id='word_1_198' title='bbox 641 2005 763 2060; x_wconf 78' lang='lat' dir='ltr'>cujus</span> <span class='ocrx_word' id='word_1_199' title='bbox 795 2005 962 2046; x_wconf 88' lang='lat' dir='ltr'>domini</span> <span class='ocrx_word' id='word_1_200' title='bbox 992 2005 1316 2061; x_wconf 83' lang='lat' dir='ltr'>metropolitani</span> <span class='ocrx_word' id='word_1_201' title='bbox 1349 2005 1552 2061; x_wconf 80' lang='lat' dir='ltr'>primatu,</span> <span class='ocrx_word' id='word_1_202' title='bbox 1587 2019 1682 2047; x_wconf 90' lang='lat' dir='ltr'>cum</span> <span class='ocrx_word' id='word_1_203' title='bbox 1716 2020 1822 2062; x_wconf 83' lang='lat' dir='ltr'>prae-</span> 
     </span>
     <span class='ocr_line' id='line_1_38' title="bbox 430 2073 1822 2130; baseline 0.001 -16"><span class='ocrx_word' id='word_1_204' title='bbox 430 2074 579 2114; x_wconf 82' lang='lat' dir='ltr'>sertim</span> <span class='ocrx_word' id='word_1_205' title='bbox 610 2073 677 2113; x_wconf 84' lang='lat' dir='ltr'>his</span> <span class='ocrx_word' id='word_1_206' title='bbox 711 2073 862 2113; x_wconf 85' lang='lat' dir='ltr'>diebus</span> <span class='ocrx_word' id='word_1_207' title='bbox 894 2073 1088 2128; x_wconf 82' lang='lat' dir='ltr'>pessimis</span> <span class='ocrx_word' id='word_1_208' title='bbox 1120 2076 1246 2114; x_wconf 76' lang='lat' dir='ltr'>tanta</span> <span class='ocrx_word' id='word_1_209' title='bbox 1277 2074 1464 2129; x_wconf 78' lang='lat' dir='ltr'>pendeat</span> <span class='ocrx_word' id='word_1_210' title='bbox 1495 2074 1541 2114; x_wconf 90' lang='lat' dir='ltr'>in</span> <span class='ocrx_word' id='word_1_211' title='bbox 1563 2089 1695 2130; x_wconf 85' lang='lat' dir='ltr'>regno</span> <span class='ocrx_word' id='word_1_212' title='bbox 1729 2074 1822 2123; x_wconf 78' lang='lat' dir='ltr'>Dei,</span> 
     </span>
     <span class='ocr_line' id='line_1_39' title="bbox 430 2141 1825 2191; baseline 0.001 -9"><span class='ocrx_word' id='word_1_213' title='bbox 430 2143 540 2182; x_wconf 84' lang='lat' dir='ltr'>sicut</span> <span class='ocrx_word' id='word_1_214' title='bbox 572 2141 754 2182; x_wconf 84' lang='lat' dir='ltr'>ecclesiis</span> <span class='ocrx_word' id='word_1_215' title='bbox 787 2141 987 2182; x_wconf 82' lang='lat' dir='ltr'>omnibus</span> <span class='ocrx_word' id='word_1_216' title='bbox 1018 2144 1172 2182; x_wconf 88' lang='lat' dir='ltr'>notum</span> <span class='ocrx_word' id='word_1_217' title='bbox 1205 2144 1279 2191; x_wconf 89' lang='lat' dir='ltr'>est,</span> <span class='ocrx_word' id='word_1_218' title='bbox 1314 2142 1465 2183; x_wconf 81' lang='lat' dir='ltr'>salutis</span> <span class='ocrx_word' id='word_1_219' title='bbox 1497 2142 1657 2184; x_wconf 86' lang='lat' dir='ltr'>coelicae</span> <span class='ocrx_word' id='word_1_220' title='bbox 1693 2143 1825 2184; x_wconf 81' lang='lat' dir='ltr'>refor-</span> 
     </span>
     <span class='ocr_line' id='line_1_40' title="bbox 431 2209 1825 2257; baseline 0.003 -9"><span class='ocrx_word' id='word_1_221' title='bbox 431 2209 575 2257; x_wconf 77' lang='lat' dir='ltr'>matio,</span> <span class='ocrx_word' id='word_1_222' title='bbox 612 2209 859 2249; x_wconf 85' lang='lat' dir='ltr'>evidentem</span> <span class='ocrx_word' id='word_1_223' title='bbox 903 2223 1010 2250; x_wconf 70' lang='lat' dir='ltr'>meae</span> <span class='ocrx_word' id='word_1_224' title='bbox 1055 2210 1317 2251; x_wconf 77' lang='lat' dir='ltr'>modicitatis</span> <span class='ocrx_word' id='word_1_225' title='bbox 1348 2209 1700 2252; x_wconf 86' lang='lat' dir='ltr'>insufficientiam</span> <span class='ocrx_word' id='word_1_226' title='bbox 1736 2225 1825 2252; x_wconf 83' lang='lat' dir='ltr'>ma-</span> 
     </span>
     <span class='ocr_line' id='line_1_41' title="bbox 425 2276 1825 2332; baseline 0.003 -15"><span class='ocrx_word' id='word_1_227' title='bbox 425 2277 597 2331; x_wconf 77' lang='lat' dir='ltr'>jestatis</span> <span class='ocrx_word' id='word_1_228' title='bbox 650 2277 782 2331; x_wconf 82' lang='lat' dir='ltr'>ipsius</span> <span class='ocrx_word' id='word_1_229' title='bbox 836 2276 1085 2318; x_wconf 87' lang='lat' dir='ltr'>indeficiens</span> <span class='ocrx_word' id='word_1_230' title='bbox 1138 2277 1387 2328; x_wconf 84' lang='lat' dir='ltr'>obsecratio,</span> <span class='ocrx_word' id='word_1_231' title='bbox 1430 2278 1537 2332; x_wconf 74' lang='lat' dir='ltr'>quid</span> <span class='ocrx_word' id='word_1_232' title='bbox 1586 2293 1608 2320; x_wconf 93' lang='lat' dir='ltr'>e</span> <span class='ocrx_word' id='word_1_233' title='bbox 1660 2278 1825 2320; x_wconf 85' lang='lat' dir='ltr'>duobus</span> 
     </span>
     <span class='ocr_line' id='line_1_42' title="bbox 432 2344 1824 2402; baseline 0.003 -18"><span class='ocrx_word' id='word_1_234' title='bbox 432 2345 579 2385; x_wconf 72' lang='lat' dir='ltr'>malim</span> <span class='ocrx_word' id='word_1_235' title='bbox 622 2344 840 2398; x_wconf 84' lang='lat' dir='ltr'>compellit</span> <span class='ocrx_word' id='word_1_236' title='bbox 881 2345 1134 2400; x_wconf 77' lang='lat' dir='ltr'>ambigere3</span> <span class='ocrx_word' id='word_1_237' title='bbox 1197 2345 1401 2387; x_wconf 82' lang='lat' dir='ltr'>videlicet</span> <span class='ocrx_word' id='word_1_238' title='bbox 1452 2349 1528 2387; x_wconf 85' lang='lat' dir='ltr'>aut</span> <span class='ocrx_word' id='word_1_239' title='bbox 1580 2346 1713 2402; x_wconf 87' lang='lat' dir='ltr'>ipsius</span> <span class='ocrx_word' id='word_1_240' title='bbox 1756 2361 1824 2389; x_wconf 82' lang='lat' dir='ltr'>ac-</span> 
     </span>
     <span class='ocr_line' id='line_1_43' title="bbox 431 2411 1824 2468; baseline 0.002 -16"><span class='ocrx_word' id='word_1_241' title='bbox 431 2415 554 2453; x_wconf 79' lang='lat' dir='ltr'>tuoso</span> <span class='ocrx_word' id='word_1_242' title='bbox 597 2411 787 2466; x_wconf 81' lang='lat' dir='ltr'>copulari</span> <span class='ocrx_word' id='word_1_243' title='bbox 836 2412 1128 2462; x_wconf 86' lang='lat' dir='ltr'>contubernio,</span> <span class='ocrx_word' id='word_1_244' title='bbox 1173 2417 1250 2455; x_wconf 87' lang='lat' dir='ltr'>aut</span> <span class='ocrx_word' id='word_1_245' title='bbox 1290 2414 1375 2455; x_wconf 86' lang='lat' dir='ltr'>mei</span> <span class='ocrx_word' id='word_1_246' title='bbox 1419 2414 1555 2455; x_wconf 89' lang='lat' dir='ltr'>otioso</span> <span class='ocrx_word' id='word_1_247' title='bbox 1594 2413 1824 2468; x_wconf 84' lang='lat' dir='ltr'>jucundari</span> 
     </span>
     <span class='ocr_line' id='line_1_44' title="bbox 432 2479 1822 2537; baseline 0.002 -17"><span class='ocrx_word' id='word_1_248' title='bbox 432 2480 611 2520; x_wconf 74' lang='lat' dir='ltr'>silentio.</span> <span class='ocrx_word' id='word_1_249' title='bbox 693 2479 858 2534; x_wconf 85' lang='lat' dir='ltr'>Nempe</span> <span class='ocrx_word' id='word_1_250' title='bbox 910 2480 1077 2522; x_wconf 85' lang='lat' dir='ltr'>nescio:</span> <span class='ocrx_word' id='word_1_251' title='bbox 1135 2481 1253 2522; x_wconf 87' lang='lat' dir='ltr'>Deus</span> <span class='ocrx_word' id='word_1_252' title='bbox 1304 2482 1384 2523; x_wconf 85' lang='lat' dir='ltr'>scit</span> <span class='ocrx_word' id='word_1_253' title='bbox 1426 2482 1531 2537; x_wconf 84' lang='lat' dir='ltr'>quid</span> <span class='ocrx_word' id='word_1_254' title='bbox 1580 2483 1663 2524; x_wconf 84' lang='lat' dir='ltr'>sibi</span> <span class='ocrx_word' id='word_1_255' title='bbox 1704 2483 1822 2532; x_wconf 88' lang='lat' dir='ltr'>velit,</span> 
     </span>
     <span class='ocr_line' id='line_1_45' title="bbox 434 2547 1823 2605; baseline 0.004 -18"><span class='ocrx_word' id='word_1_256' title='bbox 434 2548 547 2602; x_wconf 84' lang='lat' dir='ltr'>quod</span> <span class='ocrx_word' id='word_1_257' title='bbox 610 2547 734 2602; x_wconf 79' lang='lat' dir='ltr'>longe</span> <span class='ocrx_word' id='word_1_258' title='bbox 799 2547 982 2602; x_wconf 84' lang='lat' dir='ltr'>amplius</span> <span class='ocrx_word' id='word_1_259' title='bbox 1039 2551 1156 2590; x_wconf 87' lang='lat' dir='ltr'>retro</span> <span class='ocrx_word' id='word_1_260' title='bbox 1215 2549 1481 2605; x_wconf 87' lang='lat' dir='ltr'>temporibus</span> <span class='ocrx_word' id='word_1_261' title='bbox 1532 2550 1823 2592; x_wconf 87' lang='lat' dir='ltr'>humilitatem</span> 
     </span>
     <span class='ocr_line' id='line_1_46' title="bbox 433 2614 1824 2675; baseline 0.004 -20"><span class='ocrx_word' id='word_1_262' title='bbox 433 2629 573 2655; x_wconf 86' lang='lat' dir='ltr'>meam</span> <span class='ocrx_word' id='word_1_263' title='bbox 625 2629 703 2655; x_wconf 85' lang='lat' dir='ltr'>sua</span> <span class='ocrx_word' id='word_1_264' title='bbox 753 2614 1005 2665; x_wconf 79' lang='lat' dir='ltr'>sublimitas,</span> <span class='ocrx_word' id='word_1_265' title='bbox 1060 2620 1111 2657; x_wconf 90' lang='lat' dir='ltr'>ut</span> <span class='ocrx_word' id='word_1_266' title='bbox 1174 2618 1309 2667; x_wconf 80' lang='lat' dir='ltr'>videO,</span> <span class='ocrx_word' id='word_1_267' title='bbox 1372 2622 1415 2659; x_wconf 93' lang='lat' dir='ltr'>et</span> <span class='ocrx_word' id='word_1_268' title='bbox 1479 2618 1824 2675; x_wconf 83' lang='lat' dir='ltr'>obtemperanter</span> 
     </span>
     <span class='ocr_line' id='line_1_47' title="bbox 434 2683 1824 2743; baseline 0.005 -21"><span class='ocrx_word' id='word_1_269' title='bbox 434 2683 568 2731; x_wconf 80' lang='lat' dir='ltr'>audit,</span> <span class='ocrx_word' id='word_1_270' title='bbox 614 2685 657 2723; x_wconf 93' lang='lat' dir='ltr'>et</span> <span class='ocrx_word' id='word_1_271' title='bbox 687 2683 878 2724; x_wconf 85' lang='lat' dir='ltr'>attendit</span> <span class='ocrx_word' id='word_1_272' title='bbox 909 2683 1202 2739; x_wconf 79' lang='lat' dir='ltr'>intelligenter</span> <span class='ocrx_word' id='word_1_273' title='bbox 1243 2689 1288 2727; x_wconf 91' lang='lat' dir='ltr'>et</span> <span class='ocrx_word' id='word_1_274' title='bbox 1320 2686 1554 2742; x_wconf 77' lang='lat' dir='ltr'>diligenter</span> <span class='ocrx_word' id='word_1_275' title='bbox 1584 2687 1759 2743; x_wconf 84' lang='lat' dir='ltr'>excipit,</span> <span class='ocrx_word' id='word_1_276' title='bbox 1781 2689 1824 2728; x_wconf 75' lang='lat' dir='ltr'>et</span> 
     </span>
    </p>
   </div>
   <div class='ocr_carea' id='block_1_6' title="bbox 434 2751 1823 2874">
    <p class='ocr_par' dir='ltr' id='par_1_6' title="bbox 434 2751 1823 2874">
     <span class='ocr_line' id='line_1_48' title="bbox 434 2751 1823 2811; baseline 0.004 -20"><span class='ocrx_word' id='word_1_277' title='bbox 434 2751 618 2791; x_wconf 80' lang='lat' dir='ltr'>sustinet</span> <span class='ocrx_word' id='word_1_278' title='bbox 669 2754 991 2805; x_wconf 84' lang='lat' dir='ltr'>perseveranter</span> <span class='ocrx_word' id='word_1_279' title='bbox 1041 2752 1088 2792; x_wconf 88' lang='lat' dir='ltr'>in</span> <span class='ocrx_word' id='word_1_280' title='bbox 1129 2754 1372 2795; x_wconf 84' lang='lat' dir='ltr'>sanctitatis</span> <span class='ocrx_word' id='word_1_281' title='bbox 1416 2755 1726 2811; x_wconf 68' lang='lat' dir='ltr'>amplectendae</span> <span class='ocrx_word' id='word_1_282' title='bbox 1756 2757 1823 2796; x_wconf 69' lang='lat' dir='ltr'>ut-</span> 
     </span>
     <span class='ocr_line' id='line_1_49' title="bbox 435 2818 1117 2874; baseline 0.001 -14"><span class='ocrx_word' id='word_1_283' title='bbox 435 2834 601 2874; x_wconf 78' lang='lat' dir='ltr'>cunque</span> <span class='ocrx_word' id='word_1_284' title='bbox 634 2818 807 2860; x_wconf 85' lang='lat' dir='ltr'>monitis</span> <span class='ocrx_word' id='word_1_285' title='bbox 838 2819 1117 2862; x_wconf 68' lang='lat' dir='ltr'>insistentem</span> 
     </span>
    </p>
   </div>
   <div class='ocr_carea' id='block_1_7' title="bbox 1878 756 1905 3031">
    <p class='ocr_par' dir='ltr' id='par_1_7' title="bbox 1878 756 1905 3031">
     <span class='ocr_line' id='line_1_50' title="bbox 1878 756 1905 3031; baseline 0 0"><span class='ocrx_word' id='word_1_286' title='bbox 1878 756 1905 3031; x_wconf 95' lang='lat' dir='ltr'> </span> 
     </span>
    </p>
   </div>
  </div>
 </body>
</html>
