<?xml version="1.0" encoding="UTF-8"?>
<!DOCTYPE html PUBLIC "-//W3C//DTD XHTML 1.0 Transitional//EN"
    "http://www.w3.org/TR/xhtml1/DTD/xhtml1-transitional.dtd">
<html xmlns="http://www.w3.org/1999/xhtml" xml:lang="en" lang="en">
 <head>
  <title>
</title>
<meta http-equiv="Content-Type" content="text/html;charset=utf-8" />
  <meta name='ocr-system' content='tesseract 3.04.00' />
  <meta name='ocr-capabilities' content='ocr_page ocr_carea ocr_par ocr_line ocrx_word'/>
</head>
<body>
  <div class='ocr_page' id='page_1' title='image "./monumentafrancis01thom_0469.png"; bbox 0 0 1905 3180; ppageno 0'>
   <div class='ocr_carea' id='block_1_1' title="bbox 639 211 1447 251">
    <p class='ocr_par' dir='ltr' id='par_1_1' title="bbox 639 211 1447 251">
     <span class='ocr_line' id='line_1_1' title="bbox 639 211 1447 251; baseline 0 -1"><span class='ocrx_word' id='word_1_1' title='bbox 639 220 871 250; x_wconf 76' lang='lat' dir='ltr'>EPISTOLAE.</span> <span class='ocrx_word' id='word_1_2' title='bbox 1368 211 1447 251; x_wconf 81' lang='lat'>311</span> 
     </span>
    </p>
   </div>
   <div class='ocr_carea' id='block_1_2' title="bbox 37 334 1642 2831">
    <p class='ocr_par' dir='ltr' id='par_1_2' title="bbox 37 334 1438 1940">
     <span class='ocr_line' id='line_1_2' title="bbox 39 334 1437 391; baseline -0.001 -15"><span class='ocrx_word' id='word_1_3' title='bbox 39 337 221 376; x_wconf 88' lang='lat' dir='ltr'>tenetur.</span> <span class='ocrx_word' id='word_1_4' title='bbox 283 334 434 376; x_wconf 84' lang='lat' dir='ltr'>Nostis</span> <span class='ocrx_word' id='word_1_5' title='bbox 475 339 631 385; x_wconf 86' lang='lat' dir='ltr'>autem,</span> <span class='ocrx_word' id='word_1_6' title='bbox 664 339 708 377; x_wconf 84' lang='lat' dir='ltr'>et</span> <span class='ocrx_word' id='word_1_7' title='bbox 744 336 838 391; x_wconf 81' lang='lat' dir='ltr'>quis</span> <span class='ocrx_word' id='word_1_8' title='bbox 873 335 1053 377; x_wconf 72' lang='lat' dir='ltr'>melius?</span> <span class='ocrx_word' id='word_1_9' title='bbox 1084 335 1161 376; x_wconf 91' lang='lat' dir='ltr'>hoc</span> <span class='ocrx_word' id='word_1_10' title='bbox 1193 349 1281 376; x_wconf 83' lang='lat' dir='ltr'>csse</span> <span class='ocrx_word' id='word_1_11' title='bbox 1316 335 1437 386; x_wconf 82' lang='lat' dir='ltr'>illud,</span> 
     </span>
     <span class='ocr_line' id='line_1_3' title="bbox 42 403 1438 457; baseline 0 -14"><span class='ocrx_word' id='word_1_12' title='bbox 42 403 156 457; x_wconf 89' lang='lat' dir='ltr'>quod</span> <span class='ocrx_word' id='word_1_13' title='bbox 186 417 281 444; x_wconf 91' lang='lat' dir='ltr'>cum</span> <span class='ocrx_word' id='word_1_14' title='bbox 313 403 516 445; x_wconf 81' lang='lat' dir='ltr'>saevirent</span> <span class='ocrx_word' id='word_1_15' title='bbox 547 404 847 446; x_wconf 70' lang='lat' dir='ltr'>rebellantium</span> <span class='ocrx_word' id='word_1_16' title='bbox 882 403 1111 453; x_wconf 68' lang='lat' dir='ltr'>violentiae,</span> <span class='ocrx_word' id='word_1_17' title='bbox 1145 418 1242 444; x_wconf 89' lang='lat' dir='ltr'>cum</span> <span class='ocrx_word' id='word_1_18' title='bbox 1279 403 1438 444; x_wconf 83' lang='lat' dir='ltr'>insani-</span> 
     </span>
     <span class='ocr_line' id='line_1_4' title="bbox 39 471 1436 527; baseline 0 -16"><span class='ocrx_word' id='word_1_19' title='bbox 39 473 137 512; x_wconf 88' lang='lat' dir='ltr'>rent</span> <span class='ocrx_word' id='word_1_20' title='bbox 168 471 472 512; x_wconf 68' lang='lat' dir='ltr'>insultantium</span> <span class='ocrx_word' id='word_1_21' title='bbox 505 472 704 522; x_wconf 80' lang='lat' dir='ltr'>convicia,</span> <span class='ocrx_word' id='word_1_22' title='bbox 729 487 826 514; x_wconf 85' lang='lat' dir='ltr'>cum</span> <span class='ocrx_word' id='word_1_23' title='bbox 860 475 1062 527; x_wconf 80' lang='lat' dir='ltr'>urgerent</span> <span class='ocrx_word' id='word_1_24' title='bbox 1103 472 1436 526; x_wconf 77' lang='lat' dir='ltr'>malignantium</span> 
     </span>
     <span class='ocr_line' id='line_1_5' title="bbox 40 538 1437 594; baseline 0.001 -16"><span class='ocrx_word' id='word_1_25' title='bbox 40 538 271 590; x_wconf 78' lang='lat' dir='ltr'>molimina,</span> <span class='ocrx_word' id='word_1_26' title='bbox 329 553 405 594; x_wconf 89' lang='lat' dir='ltr'>pro</span> <span class='ocrx_word' id='word_1_27' title='bbox 464 539 618 594; x_wconf 87' lang='lat' dir='ltr'>quibus</span> <span class='ocrx_word' id='word_1_28' title='bbox 666 540 737 589; x_wconf 88' lang='lat' dir='ltr'>ait,</span> <span class='ocrx_word' id='word_1_29' title='bbox 801 539 934 580; x_wconf 84' lang='lat' dir='ltr'>“Aut</span> <span class='ocrx_word' id='word_1_30' title='bbox 977 538 1147 579; x_wconf 84' lang='lat' dir='ltr'>dimitte</span> <span class='ocrx_word' id='word_1_31' title='bbox 1209 539 1267 579; x_wconf 82' lang='lat' dir='ltr'>eis</span> <span class='ocrx_word' id='word_1_32' title='bbox 1329 539 1437 580; x_wconf 74' lang='lat' dir='ltr'>hanc</span> 
     </span>
     <span class='ocr_line' id='line_1_6' title="bbox 44 606 1434 662; baseline 0.001 -16"><span class='ocrx_word' id='word_1_33' title='bbox 44 610 66 627; x_wconf 87' lang='lat'><em>“</em></span> <span class='ocrx_word' id='word_1_34' title='bbox 96 619 266 655; x_wconf 79' lang='lat' dir='ltr'>noxam,</span> <span class='ocrx_word' id='word_1_35' title='bbox 300 610 377 648; x_wconf 91' lang='lat' dir='ltr'>aut</span> <span class='ocrx_word' id='word_1_36' title='bbox 419 607 512 648; x_wconf 84' lang='lat' dir='ltr'>dele</span> <span class='ocrx_word' id='word_1_37' title='bbox 544 622 611 649; x_wconf 86' lang='lat' dir='ltr'>mc</span> <span class='ocrx_word' id='word_1_38' title='bbox 649 607 699 648; x_wconf 79' lang='grc'>(10</span> <span class='ocrx_word' id='word_1_39' title='bbox 731 607 840 648; x_wconf 86' lang='lat' dir='ltr'>libro</span> <span class='ocrx_word' id='word_1_40' title='bbox 882 621 1008 662; x_wconf 84' lang='lat' dir='ltr'>quem</span> <span class='ocrx_word' id='word_1_41' title='bbox 1041 606 1281 661; x_wconf 80' lang='lat' dir='ltr'>scripsisti.&#39;&#39;</span> <span class='ocrx_word' id='word_1_42' title='bbox 1344 607 1434 661; x_wconf 87' lang='lat' dir='ltr'>Ipsi</span> 
     </span>
     <span class='ocr_line' id='line_1_7' title="bbox 39 673 1437 730; baseline 0 -16"><span class='ocrx_word' id='word_1_43' title='bbox 39 673 273 729; x_wconf 82' lang='lat' dir='ltr'>legislatori</span> <span class='ocrx_word' id='word_1_44' title='bbox 324 678 414 715; x_wconf 92' lang='lat' dir='ltr'>tam</span> <span class='ocrx_word' id='word_1_45' title='bbox 463 675 659 716; x_wconf 83' lang='lat' dir='ltr'>salutaris</span> <span class='ocrx_word' id='word_1_46' title='bbox 709 674 913 729; x_wconf 87' lang='lat' dir='ltr'>jussionis</span> <span class='ocrx_word' id='word_1_47' title='bbox 955 674 1182 730; x_wconf 78' lang='lat' dir='ltr'>vigilantia</span> <span class='ocrx_word' id='word_1_48' title='bbox 1235 675 1437 729; x_wconf 78' lang='lat' dir='ltr'>praecepit</span> 
     </span>
     <span class='ocr_line' id='line_1_8' title="bbox 41 741 1436 791; baseline 0.001 -10"><span class='ocrx_word' id='word_1_49' title='bbox 41 741 253 782; x_wconf 87' lang='lat' dir='ltr'>Dominus</span> <span class='ocrx_word' id='word_1_50' title='bbox 293 757 407 783; x_wconf 90' lang='lat' dir='ltr'>nunc</span> <span class='ocrx_word' id='word_1_51' title='bbox 448 743 608 784; x_wconf 85' lang='lat' dir='ltr'>montis</span> <span class='ocrx_word' id='word_1_52' title='bbox 659 757 889 791; x_wconf 87' lang='lat' dir='ltr'>ascensum,</span> <span class='ocrx_word' id='word_1_53' title='bbox 932 757 1046 783; x_wconf 87' lang='lat' dir='ltr'>nunc</span> <span class='ocrx_word' id='word_1_54' title='bbox 1102 741 1330 782; x_wconf 88' lang='lat' dir='ltr'>introitum</span> <span class='ocrx_word' id='word_1_55' title='bbox 1373 746 1436 782; x_wconf 85' lang='lat' dir='ltr'>ta-</span> 
     </span>
     <span class='ocr_line' id='line_1_9' title="bbox 38 809 1436 865; baseline -0.001 -15"><span class='ocrx_word' id='word_1_56' title='bbox 38 809 265 850; x_wconf 87' lang='lat' dir='ltr'>bernaculi.</span> <span class='ocrx_word' id='word_1_57' title='bbox 329 810 388 852; x_wconf 86' lang='lat' dir='ltr'>Et</span> <span class='ocrx_word' id='word_1_58' title='bbox 410 811 513 865; x_wconf 86' lang='lat' dir='ltr'>quid</span> <span class='ocrx_word' id='word_1_59' title='bbox 545 825 620 865; x_wconf 80' lang='lat' dir='ltr'>per</span> <span class='ocrx_word' id='word_1_60' title='bbox 645 811 930 852; x_wconf 69' lang='lat' dir='ltr'>ascensionem</span> <span class='ocrx_word' id='word_1_61' title='bbox 962 809 1122 851; x_wconf 81' lang='lat' dir='ltr'>montis</span> <span class='ocrx_word' id='word_1_62' title='bbox 1152 810 1236 850; x_wconf 83' lang='lat' dir='ltr'>nisi</span> <span class='ocrx_word' id='word_1_63' title='bbox 1259 810 1436 865; x_wconf 80' lang='lat' dir='ltr'>limpida</span> 
     </span>
     <span class='ocr_line' id='line_1_10' title="bbox 39 878 1435 933; baseline 0 -15"><span class='ocrx_word' id='word_1_64' title='bbox 39 891 233 932; x_wconf 73' lang='lat' dir='ltr'>supernae</span> <span class='ocrx_word' id='word_1_65' title='bbox 283 878 480 919; x_wconf 80' lang='lat' dir='ltr'>veritatis</span> <span class='ocrx_word' id='word_1_66' title='bbox 535 879 877 933; x_wconf 72' lang='lat' dir='ltr'>contemplatio?</span> <span class='ocrx_word' id='word_1_67' title='bbox 933 878 1037 933; x_wconf 85' lang='lat' dir='ltr'>quid</span> <span class='ocrx_word' id='word_1_68' title='bbox 1093 892 1167 932; x_wconf 85' lang='lat' dir='ltr'>per</span> <span class='ocrx_word' id='word_1_69' title='bbox 1208 878 1435 918; x_wconf 82' lang='lat' dir='ltr'>introitum</span> 
     </span>
     <span class='ocr_line' id='line_1_11' title="bbox 38 945 1433 1001; baseline 0 -15"><span class='ocrx_word' id='word_1_70' title='bbox 38 945 306 986; x_wconf 80' lang='lat' dir='ltr'>tabernaculi</span> <span class='ocrx_word' id='word_1_71' title='bbox 336 946 420 986; x_wconf 89' lang='lat' dir='ltr'>nisi</span> <span class='ocrx_word' id='word_1_72' title='bbox 441 946 627 1001; x_wconf 82' lang='lat' dir='ltr'>ignitum</span> <span class='ocrx_word' id='word_1_73' title='bbox 660 947 865 987; x_wconf 88' lang='lat' dir='ltr'>orationis</span> <span class='ocrx_word' id='word_1_74' title='bbox 897 945 1179 987; x_wconf 68' lang='lat' dir='ltr'>sacrificium?</span> <span class='ocrx_word' id='word_1_75' title='bbox 1242 945 1433 996; x_wconf 79' lang='lat' dir='ltr'>Quorum</span> 
     </span>
     <span class='ocr_line' id='line_1_12' title="bbox 37 1013 1436 1068; baseline 0.001 -15"><span class='ocrx_word' id='word_1_76' title='bbox 37 1013 111 1053; x_wconf 86' lang='lat' dir='ltr'>illa</span> <span class='ocrx_word' id='word_1_77' title='bbox 161 1013 252 1054; x_wconf 88' lang='lat' dir='ltr'>sine</span> <span class='ocrx_word' id='word_1_78' title='bbox 303 1014 616 1068; x_wconf 80' lang='lat' dir='ltr'>tranquillitate</span> <span class='ocrx_word' id='word_1_79' title='bbox 658 1014 902 1063; x_wconf 78' lang='lat' dir='ltr'>vacationis,</span> <span class='ocrx_word' id='word_1_80' title='bbox 957 1013 1168 1068; x_wconf 80' lang='lat' dir='ltr'>suspensis</span> <span class='ocrx_word' id='word_1_81' title='bbox 1205 1017 1436 1068; x_wconf 88' lang='lat' dir='ltr'>quantum-</span> 
     </span>
     <span class='ocr_line' id='line_1_13' title="bbox 39 1081 1434 1137; baseline 0.001 -15"><span class='ocrx_word' id='word_1_82' title='bbox 39 1094 204 1136; x_wconf 82' lang='lat' dir='ltr'>cunque</span> <span class='ocrx_word' id='word_1_83' title='bbox 235 1081 493 1122; x_wconf 88' lang='lat' dir='ltr'>salutaribus</span> <span class='ocrx_word' id='word_1_84' title='bbox 525 1082 750 1131; x_wconf 76' lang='lat' dir='ltr'>exercitiis,</span> <span class='ocrx_word' id='word_1_85' title='bbox 774 1097 862 1123; x_wconf 91' lang='grc'><strong>11011</strong></span> <span class='ocrx_word' id='word_1_86' title='bbox 893 1081 1153 1137; x_wconf 78' lang='lat' dir='ltr'>attingitur3</span> <span class='ocrx_word' id='word_1_87' title='bbox 1185 1081 1302 1121; x_wconf 84' lang='lat' dir='ltr'>istud</span> <span class='ocrx_word' id='word_1_88' title='bbox 1333 1096 1434 1123; x_wconf 80' lang='lat' dir='ltr'>vero</span> 
     </span>
     <span class='ocr_line' id='line_1_14' title="bbox 38 1149 1434 1205; baseline 0 -16"><span class='ocrx_word' id='word_1_89' title='bbox 38 1149 128 1190; x_wconf 88' lang='lat' dir='ltr'>sine</span> <span class='ocrx_word' id='word_1_90' title='bbox 169 1149 497 1190; x_wconf 87' lang='lat' dir='ltr'>mortificatione</span> <span class='ocrx_word' id='word_1_91' title='bbox 538 1150 795 1205; x_wconf 80' lang='lat' dir='ltr'>passionum,</span> <span class='ocrx_word' id='word_1_92' title='bbox 840 1149 1040 1204; x_wconf 76' lang='lat' dir='ltr'>repressis</span> <span class='ocrx_word' id='word_1_93' title='bbox 1080 1149 1269 1190; x_wconf 80' lang='lat' dir='ltr'>motibus</span> <span class='ocrx_word' id='word_1_94' title='bbox 1302 1164 1434 1204; x_wconf 84' lang='lat' dir='ltr'>quan-</span> 
     </span>
     <span class='ocr_line' id='line_1_15' title="bbox 39 1217 1434 1272; baseline 0 -14"><span class='ocrx_word' id='word_1_95' title='bbox 39 1220 265 1272; x_wconf 80' lang='lat' dir='ltr'>taecunque</span> <span class='ocrx_word' id='word_1_96' title='bbox 297 1217 548 1267; x_wconf 80' lang='lat' dir='ltr'>sedulitatis,</span> <span class='ocrx_word' id='word_1_97' title='bbox 582 1231 852 1272; x_wconf 87' lang='lat' dir='ltr'>nequaquam</span> <span class='ocrx_word' id='word_1_98' title='bbox 891 1217 1137 1257; x_wconf 87' lang='lat' dir='ltr'>celebratur.</span> <span class='ocrx_word' id='word_1_99' title='bbox 1202 1217 1434 1272; x_wconf 80' lang='lat' dir='ltr'>Propterea</span> 
     </span>
     <span class='ocr_line' id='line_1_16' title="bbox 37 1283 1434 1341; baseline 0 -16"><span class='ocrx_word' id='word_1_100' title='bbox 37 1285 234 1341; x_wconf 81' lang='lat' dir='ltr'>ignorare</span> <span class='ocrx_word' id='word_1_101' title='bbox 286 1285 438 1340; x_wconf 88' lang='lat' dir='ltr'>nequit</span> <span class='ocrx_word' id='word_1_102' title='bbox 489 1285 572 1325; x_wconf 87' lang='lat' dir='ltr'>nisi</span> <span class='ocrx_word' id='word_1_103' title='bbox 624 1300 750 1340; x_wconf 87' lang='lat' dir='ltr'>quem</span> <span class='ocrx_word' id='word_1_104' title='bbox 815 1288 891 1325; x_wconf 90' lang='lat' dir='ltr'>aut</span> <span class='ocrx_word' id='word_1_105' title='bbox 943 1283 1222 1327; x_wconf 74' lang='lat' dir='ltr'>excaecaverit</span> <span class='ocrx_word' id='word_1_106' title='bbox 1273 1285 1434 1326; x_wconf 82' lang='lat' dir='ltr'>astutia</span> 
     </span>
     <span class='ocr_line' id='line_1_17' title="bbox 37 1351 1434 1407; baseline -0.001 -13"><span class='ocrx_word' id='word_1_107' title='bbox 37 1353 191 1403; x_wconf 84' lang='lat' dir='ltr'>saeculi,</span> <span class='ocrx_word' id='word_1_108' title='bbox 245 1356 322 1394; x_wconf 91' lang='lat' dir='ltr'>aut</span> <span class='ocrx_word' id='word_1_109' title='bbox 369 1353 506 1394; x_wconf 87' lang='lat' dir='ltr'>carnis</span> <span class='ocrx_word' id='word_1_110' title='bbox 548 1353 746 1394; x_wconf 81' lang='lat' dir='ltr'>illecebra</span> <span class='ocrx_word' id='word_1_111' title='bbox 777 1351 1026 1407; x_wconf 87' lang='lat' dir='ltr'>captivavit,</span> <span class='ocrx_word' id='word_1_112' title='bbox 1062 1366 1190 1406; x_wconf 87' lang='lat' dir='ltr'>quam</span> <span class='ocrx_word' id='word_1_113' title='bbox 1234 1351 1291 1392; x_wconf 89' lang='lat' dir='ltr'>sit</span> <span class='ocrx_word' id='word_1_114' title='bbox 1337 1367 1434 1393; x_wconf 75' lang='lat' dir='ltr'>exe-</span> 
     </span>
     <span class='ocr_line' id='line_1_18' title="bbox 38 1419 1431 1476; baseline -0.001 -14"><span class='ocrx_word' id='word_1_115' title='bbox 38 1422 218 1463; x_wconf 87' lang='lat' dir='ltr'>crandus</span> <span class='ocrx_word' id='word_1_116' title='bbox 259 1421 334 1476; x_wconf 88' lang='lat' dir='ltr'>qui</span> <span class='ocrx_word' id='word_1_117' title='bbox 377 1421 534 1463; x_wconf 83' lang='lat' dir='ltr'>coelicae</span> <span class='ocrx_word' id='word_1_118' title='bbox 570 1420 779 1476; x_wconf 80' lang='lat' dir='ltr'>pastionis</span> <span class='ocrx_word' id='word_1_119' title='bbox 821 1419 1111 1461; x_wconf 85' lang='lat' dir='ltr'>ministerium</span> <span class='ocrx_word' id='word_1_120' title='bbox 1148 1419 1431 1474; x_wconf 89' lang='lat' dir='ltr'>profiteretur,</span> 
     </span>
     <span class='ocr_line' id='line_1_19' title="bbox 38 1487 1434 1544; baseline -0.003 -12"><span class='ocrx_word' id='word_1_121' title='bbox 38 1493 83 1532; x_wconf 88' lang='lat' dir='ltr'>et</span> <span class='ocrx_word' id='word_1_122' title='bbox 103 1493 250 1532; x_wconf 88' lang='lat' dir='ltr'>tamen</span> <span class='ocrx_word' id='word_1_123' title='bbox 269 1490 316 1531; x_wconf 87' lang='lat' dir='ltr'>in</span> <span class='ocrx_word' id='word_1_124' title='bbox 335 1489 388 1531; x_wconf 87' lang='lat' dir='ltr'>iis</span> <span class='ocrx_word' id='word_1_125' title='bbox 410 1504 505 1544; x_wconf 78' lang='lat' dir='ltr'>quae</span> <span class='ocrx_word' id='word_1_126' title='bbox 528 1489 643 1530; x_wconf 86' lang='lat' dir='ltr'>dicta</span> <span class='ocrx_word' id='word_1_127' title='bbox 663 1491 774 1537; x_wconf 81' lang='lat' dir='ltr'>sunt,</span> <span class='ocrx_word' id='word_1_128' title='bbox 799 1488 1031 1529; x_wconf 86' lang='lat' dir='ltr'>secundum</span> <span class='ocrx_word' id='word_1_129' title='bbox 1060 1502 1271 1528; x_wconf 86' lang='lat' dir='ltr'>summam</span> <span class='ocrx_word' id='word_1_130' title='bbox 1293 1487 1434 1529; x_wconf 85' lang='lat' dir='ltr'>inten-</span> 
     </span>
     <span class='ocr_line' id='line_1_20' title="bbox 37 1555 1434 1613; baseline -0.001 -13"><span class='ocrx_word' id='word_1_131' title='bbox 37 1557 167 1600; x_wconf 82' lang='lat' dir='ltr'>tionis</span> <span class='ocrx_word' id='word_1_132' title='bbox 188 1557 519 1600; x_wconf 77' lang='lat' dir='ltr'>aestirnationem</span> <span class='ocrx_word' id='word_1_133' title='bbox 544 1556 710 1613; x_wconf 82' lang='lat' dir='ltr'>jugiter</span> <span class='ocrx_word' id='word_1_134' title='bbox 731 1570 909 1613; x_wconf 81' lang='lat' dir='ltr'>pergens</span> <span class='ocrx_word' id='word_1_135' title='bbox 930 1555 976 1596; x_wconf 89' lang='grc'>111</span> <span class='ocrx_word' id='word_1_136' title='bbox 999 1555 1246 1606; x_wconf 89' lang='lat' dir='ltr'>Dominum,</span> <span class='ocrx_word' id='word_1_137' title='bbox 1270 1556 1338 1596; x_wconf 90' lang='lat' dir='ltr'>cui</span> <span class='ocrx_word' id='word_1_138' title='bbox 1369 1559 1434 1598; x_wconf 87' lang='lat' dir='ltr'>est</span> 
     </span>
     <span class='ocr_line' id='line_1_21' title="bbox 38 1623 1432 1678; baseline -0.004 -10"><span class='ocrx_word' id='word_1_139' title='bbox 38 1640 139 1667; x_wconf 82' lang='lat' dir='ltr'>cura</span> <span class='ocrx_word' id='word_1_140' title='bbox 160 1626 211 1668; x_wconf 89' lang='lat' dir='ltr'>de</span> <span class='ocrx_word' id='word_1_141' title='bbox 233 1626 444 1676; x_wconf 86' lang='lat' dir='ltr'>omnibus,</span> <span class='ocrx_word' id='word_1_142' title='bbox 467 1640 555 1667; x_wconf 88' lang='lat' dir='ltr'>non</span> <span class='ocrx_word' id='word_1_143' title='bbox 574 1625 840 1666; x_wconf 86' lang='lat' dir='ltr'>immoratur.</span> <span class='ocrx_word' id='word_1_144' title='bbox 893 1623 1001 1665; x_wconf 75' lang='lat' dir='ltr'>Haec</span> <span class='ocrx_word' id='word_1_145' title='bbox 1032 1623 1167 1677; x_wconf 78' lang='lat' dir='ltr'>igitur</span> <span class='ocrx_word' id='word_1_146' title='bbox 1192 1623 1432 1678; x_wconf 86' lang='lat' dir='ltr'>scripserim</span> 
     </span>
     <span class='ocr_line' id='line_1_22' title="bbox 38 1691 1431 1736; baseline -0.003 0"><span class='ocrx_word' id='word_1_147' title='bbox 38 1709 125 1736; x_wconf 89' lang='lat' dir='ltr'>non</span> <span class='ocrx_word' id='word_1_148' title='bbox 159 1697 211 1736; x_wconf 90' lang='lat' dir='ltr'>ut</span> <span class='ocrx_word' id='word_1_149' title='bbox 243 1694 498 1736; x_wconf 86' lang='lat' dir='ltr'>indefessam</span> <span class='ocrx_word' id='word_1_150' title='bbox 529 1696 685 1735; x_wconf 74' lang='lat' dir='ltr'>vestrae</span> <span class='ocrx_word' id='word_1_151' title='bbox 717 1691 960 1734; x_wconf 83' lang='lat' dir='ltr'>sanctitatis</span> <span class='ocrx_word' id='word_1_152' title='bbox 992 1691 1323 1732; x_wconf 87' lang='lat' dir='ltr'>sollicitudinem</span> <span class='ocrx_word' id='word_1_153' title='bbox 1355 1694 1431 1733; x_wconf 89' lang='lat' dir='ltr'>aut</span> 
     </span>
     <span class='ocr_line' id='line_1_23' title="bbox 39 1758 1429 1817; baseline -0.004 -13"><span class='ocrx_word' id='word_1_154' title='bbox 39 1762 211 1804; x_wconf 88' lang='lat' dir='ltr'>doceam</span> <span class='ocrx_word' id='word_1_155' title='bbox 253 1765 330 1804; x_wconf 89' lang='lat' dir='ltr'>aut</span> <span class='ocrx_word' id='word_1_156' title='bbox 360 1761 693 1817; x_wconf 82' lang='lat' dir='ltr'>reprehendam3</span> <span class='ocrx_word' id='word_1_157' title='bbox 738 1760 813 1802; x_wconf 84' lang='lat' dir='ltr'>sed</span> <span class='ocrx_word' id='word_1_158' title='bbox 843 1762 894 1800; x_wconf 91' lang='lat' dir='ltr'>ut</span> <span class='ocrx_word' id='word_1_159' title='bbox 916 1758 1149 1800; x_wconf 89' lang='lat' dir='ltr'>secundum</span> <span class='ocrx_word' id='word_1_160' title='bbox 1171 1759 1429 1800; x_wconf 87' lang='lat' dir='ltr'>sententiam</span> 
     </span>
     <span class='ocr_line' id='line_1_24' title="bbox 40 1826 1431 1884; baseline -0.004 -12"><span class='ocrx_word' id='word_1_161' title='bbox 40 1830 279 1872; x_wconf 80' lang='lat' dir='ltr'>Salomonis</span> <span class='ocrx_word' id='word_1_162' title='bbox 307 1830 465 1872; x_wconf 86' lang='lat' dir='ltr'>devota-</span> <span class='ocrx_word' id='word_1_163' title='bbox 494 1829 647 1870; x_wconf 89' lang='lat' dir='ltr'>filiatio</span> <span class='ocrx_word' id='word_1_164' title='bbox 679 1827 762 1884; x_wconf 60' lang='lat' dir='ltr'>pize</span> <span class='ocrx_word' id='word_1_165' title='bbox 793 1826 1046 1883; x_wconf 82' lang='lat' dir='ltr'>paternitati</span> <span class='ocrx_word' id='word_1_166' title='bbox 1066 1829 1243 1881; x_wconf 55' lang='lat' dir='ltr'>praestet</span> <span class='ocrx_word' id='word_1_167' title='bbox 1277 1827 1431 1868; x_wconf 84' lang='lat' dir='ltr'>occasi-</span> 
     </span>
     <span class='ocr_line' id='line_1_25' title="bbox 41 1912 174 1940; baseline 0 -1"><span class='ocrx_word' id='word_1_168' title='bbox 41 1912 174 1940; x_wconf 90' lang='lat' dir='ltr'>onem.</span> 
     </span>
    </p>

    <p class='ocr_par' dir='ltr' id='par_1_3' title="bbox 37 1959 1642 2768">
     <span class='ocr_line' id='line_1_26' title="bbox 99 1959 1429 2020; baseline -0.002 -13"><span class='ocrx_word' id='word_1_169' title='bbox 99 1966 166 2008; x_wconf 90' lang='lat' dir='ltr'>De</span> <span class='ocrx_word' id='word_1_170' title='bbox 206 1964 273 2006; x_wconf 87' lang='lat' dir='ltr'>his</span> <span class='ocrx_word' id='word_1_171' title='bbox 313 1964 397 2006; x_wconf 90' lang='lat' dir='ltr'>huc</span> <span class='ocrx_word' id='word_1_172' title='bbox 440 1978 573 2020; x_wconf 82' lang='lat' dir='ltr'>usque</span> <span class='ocrx_word' id='word_1_173' title='bbox 622 1962 813 2004; x_wconf 86' lang='lat' dir='ltr'>sufficiat.</span> <span class='ocrx_word' id='word_1_174' title='bbox 889 1959 1007 2002; x_wconf 77' lang='lat' dir='ltr'>Novi</span> <span class='ocrx_word' id='word_1_175' title='bbox 1058 1975 1245 2016; x_wconf 84' lang='lat' dir='ltr'>namque</span> <span class='ocrx_word' id='word_1_176' title='bbox 1300 1977 1429 2017; x_wconf 82' lang='lat' dir='ltr'>quam</span> 
     </span>
     <span class='ocr_line' id='line_1_27' title="bbox 39 2029 1430 2088; baseline -0.003 -12"><span class='ocrx_word' id='word_1_177' title='bbox 39 2033 263 2076; x_wconf 89' lang='lat' dir='ltr'>efficaciter</span> <span class='ocrx_word' id='word_1_178' title='bbox 308 2033 352 2074; x_wconf 87' lang='lat' dir='ltr'>in</span> <span class='ocrx_word' id='word_1_179' title='bbox 397 2032 476 2074; x_wconf 89' lang='lat' dir='ltr'>hac</span> <span class='ocrx_word' id='word_1_180' title='bbox 507 2035 629 2088; x_wconf 85' lang='lat' dir='ltr'>parte</span> <span class='ocrx_word' id='word_1_181' title='bbox 661 2034 704 2073; x_wconf 89' lang='lat' dir='ltr'>et</span> <span class='ocrx_word' id='word_1_182' title='bbox 735 2031 782 2071; x_wconf 90' lang='lat' dir='ltr'>in</span> <span class='ocrx_word' id='word_1_183' title='bbox 813 2029 1026 2071; x_wconf 87' lang='lat' dir='ltr'>similibus</span> <span class='ocrx_word' id='word_1_184' title='bbox 1058 2029 1139 2071; x_wconf 89' lang='lat' dir='ltr'>sibi</span> <span class='ocrx_word' id='word_1_185' title='bbox 1171 2032 1430 2084; x_wconf 84' lang='lat' dir='ltr'>persuaserit</span> 
     </span>
     <span class='ocr_line' id='line_1_28' title="bbox 39 2097 1430 2158; baseline -0.003 -14"><span class='ocrx_word' id='word_1_186' title='bbox 39 2102 219 2158; x_wconf 87' lang='lat' dir='ltr'>desuper</span> <span class='ocrx_word' id='word_1_187' title='bbox 259 2101 382 2143; x_wconf 76' lang='lat' dir='ltr'>vobis</span> <span class='ocrx_word' id='word_1_188' title='bbox 434 2100 536 2141; x_wconf 83' lang='lat' dir='ltr'>data</span> <span class='ocrx_word' id='word_1_189' title='bbox 586 2098 804 2155; x_wconf 81' lang='lat' dir='ltr'>sapientia.</span> <span class='ocrx_word' id='word_1_190' title='bbox 868 2097 1048 2152; x_wconf 82' lang='lat' dir='ltr'>Scripsit</span> <span class='ocrx_word' id='word_1_191' title='bbox 1098 2097 1205 2138; x_wconf 90' lang='lat' dir='ltr'>mihi</span> <span class='ocrx_word' id='word_1_192' title='bbox 1257 2099 1430 2140; x_wconf 83' lang='lat' dir='ltr'>domina</span> 
     </span>
     <span class='ocr_line' id='line_1_29' title="bbox 37 2165 1431 2226; baseline -0.004 -14"><span class='ocrx_word' id='word_1_193' title='bbox 37 2170 185 2226; x_wconf 84' lang='lat' dir='ltr'>regina</span> <span class='ocrx_word' id='word_1_194' title='bbox 205 2170 395 2211; x_wconf 87' lang='lat' dir='ltr'>litteram</span> <span class='ocrx_word' id='word_1_195' title='bbox 417 2167 693 2209; x_wconf 83' lang='lat' dir='ltr'>affectuosam</span> <span class='ocrx_word' id='word_1_196' title='bbox 715 2170 758 2208; x_wconf 90' lang='lat' dir='ltr'>et</span> <span class='ocrx_word' id='word_1_197' title='bbox 779 2165 999 2214; x_wconf 87' lang='lat' dir='ltr'>efficacem,</span> <span class='ocrx_word' id='word_1_198' title='bbox 1023 2168 1084 2215; x_wconf 90' lang='lat' dir='ltr'>ut,</span> <span class='ocrx_word' id='word_1_199' title='bbox 1108 2180 1204 2206; x_wconf 90' lang='lat' dir='ltr'>cum</span> <span class='ocrx_word' id='word_1_200' title='bbox 1228 2170 1431 2222; x_wconf 88' lang='lat' dir='ltr'>opportu-</span> 
     </span>
     <span class='ocr_line' id='line_1_30' title="bbox 37 2233 1431 2292; baseline -0.004 -12"><span class='ocrx_word' id='word_1_201' title='bbox 37 2238 150 2280; x_wconf 89' lang='lat' dir='ltr'>nitas</span> <span class='ocrx_word' id='word_1_202' title='bbox 181 2252 224 2279; x_wconf 90' lang='lat' dir='ltr'>se</span> <span class='ocrx_word' id='word_1_203' title='bbox 246 2237 427 2286; x_wconf 80' lang='lat' dir='ltr'>offerret,</span> <span class='ocrx_word' id='word_1_204' title='bbox 451 2235 722 2292; x_wconf 83' lang='lat' dir='ltr'>praesentiam</span> <span class='ocrx_word' id='word_1_205' title='bbox 744 2234 877 2290; x_wconf 87' lang='lat' dir='ltr'>ipsius</span> <span class='ocrx_word' id='word_1_206' title='bbox 898 2233 1015 2274; x_wconf 80' lang='lat' dir='ltr'>adire</span> <span class='ocrx_word' id='word_1_207' title='bbox 1051 2248 1139 2274; x_wconf 85' lang='lat' dir='ltr'>non</span> <span class='ocrx_word' id='word_1_208' title='bbox 1161 2234 1403 2276; x_wconf 87' lang='lat' dir='ltr'>omitterem</span> <span class='ocrx_word' id='word_1_209' title='bbox 1422 2250 1431 2285; x_wconf 93' lang='lat'>;</span> 
     </span>
     <span class='ocr_line' id='line_1_31' title="bbox 38 2302 1430 2361; baseline -0.003 -14"><span class='ocrx_word' id='word_1_210' title='bbox 38 2306 154 2361; x_wconf 88' lang='lat' dir='ltr'>quod</span> <span class='ocrx_word' id='word_1_211' title='bbox 193 2305 301 2346; x_wconf 86' lang='lat' dir='ltr'>mihi</span> <span class='ocrx_word' id='word_1_212' title='bbox 340 2319 428 2347; x_wconf 86' lang='lat' dir='ltr'>non</span> <span class='ocrx_word' id='word_1_213' title='bbox 468 2303 737 2345; x_wconf 80' lang='lat' dir='ltr'>mediocriter</span> <span class='ocrx_word' id='word_1_214' title='bbox 777 2302 888 2343; x_wconf 85' lang='lat' dir='ltr'>foret</span> <span class='ocrx_word' id='word_1_215' title='bbox 928 2315 1058 2357; x_wconf 78' lang='lat' dir='ltr'>grave</span> <span class='ocrx_word' id='word_1_216' title='bbox 1101 2305 1145 2342; x_wconf 88' lang='lat' dir='ltr'>et</span> <span class='ocrx_word' id='word_1_217' title='bbox 1190 2302 1430 2344; x_wconf 85' lang='lat' dir='ltr'>molestum.</span> 
     </span>
     <span class='ocr_line' id='line_1_32' title="bbox 39 2369 1431 2424; baseline -0.003 -9"><span class='ocrx_word' id='word_1_218' title='bbox 39 2373 182 2416; x_wconf 88' lang='lat' dir='ltr'>Instat</span> <span class='ocrx_word' id='word_1_219' title='bbox 213 2373 344 2415; x_wconf 88' lang='lat' dir='ltr'>etiam</span> <span class='ocrx_word' id='word_1_220' title='bbox 375 2371 549 2413; x_wconf 89' lang='lat' dir='ltr'>domina</span> <span class='ocrx_word' id='word_1_221' title='bbox 579 2370 795 2412; x_wconf 86' lang='lat' dir='ltr'>comitissa</span> <span class='ocrx_word' id='word_1_222' title='bbox 827 2369 1083 2424; x_wconf 82' lang='lat' dir='ltr'>Leycestriae</span> <span class='ocrx_word' id='word_1_223' title='bbox 1105 2369 1220 2424; x_wconf 87' lang='lat' dir='ltr'>quod</span> <span class='ocrx_word' id='word_1_224' title='bbox 1251 2371 1306 2411; x_wconf 87' lang='lat' dir='ltr'>ad</span> <span class='ocrx_word' id='word_1_225' title='bbox 1337 2386 1431 2412; x_wconf 87' lang='lat' dir='ltr'>eam</span> 
     </span>
     <span class='ocr_line' id='line_1_33' title="bbox 39 2437 1642 2494; baseline -0.004 -10"><span class='ocrx_word' id='word_1_226' title='bbox 39 2442 210 2484; x_wconf 88' lang='lat' dir='ltr'>veniam</span> <span class='ocrx_word' id='word_1_227' title='bbox 242 2441 351 2483; x_wconf 84' lang='lat' dir='ltr'>circa</span> <span class='ocrx_word' id='word_1_228' title='bbox 371 2440 537 2482; x_wconf 88' lang='lat' dir='ltr'>instans</span> <span class='ocrx_word' id='word_1_229' title='bbox 559 2439 717 2481; x_wconf 80' lang='lat' dir='ltr'>festum</span> <span class='ocrx_word' id='word_1_230' title='bbox 750 2437 829 2479; x_wconf 79' lang='lat' dir='ltr'>Sti.</span> <span class='ocrx_word' id='word_1_231' title='bbox 862 2437 1095 2487; x_wconf 85' lang='lat' dir='ltr'>Michaelis,</span> <span class='ocrx_word' id='word_1_232' title='bbox 1127 2441 1171 2479; x_wconf 88' lang='lat' dir='ltr'>et</span> <span class='ocrx_word' id='word_1_233' title='bbox 1196 2438 1325 2479; x_wconf 88' lang='lat' dir='ltr'>etiam</span> <span class='ocrx_word' id='word_1_234' title='bbox 1357 2453 1432 2494; x_wconf 87' lang='lat' dir='ltr'>per</span> <span class='ocrx_word' id='word_1_235' title='bbox 1449 2449 1535 2492; x_wconf 79' lang='lat' dir='ltr'>Sept.</span> <span class='ocrx_word' id='word_1_236' title='bbox 1553 2451 1642 2484; x_wconf 71' lang='lat'>29111.</span> 
     </span>
     <span class='ocr_line' id='line_1_34' title="bbox 39 2505 1432 2565; baseline -0.003 -14"><span class='ocrx_word' id='word_1_237' title='bbox 39 2510 224 2565; x_wconf 83' lang='lat' dir='ltr'>aliquem</span> <span class='ocrx_word' id='word_1_238' title='bbox 255 2523 460 2565; x_wconf 78' lang='lat' dir='ltr'>magnum</span> <span class='ocrx_word' id='word_1_239' title='bbox 482 2522 607 2563; x_wconf 89' lang='lat' dir='ltr'>super</span> <span class='ocrx_word' id='word_1_240' title='bbox 639 2505 851 2548; x_wconf 84' lang='lat' dir='ltr'>similibus</span> <span class='ocrx_word' id='word_1_241' title='bbox 875 2520 969 2546; x_wconf 86' lang='lat' dir='ltr'>sum</span> <span class='ocrx_word' id='word_1_242' title='bbox 1002 2505 1265 2547; x_wconf 81' lang='lat' dir='ltr'>sollicitatus.</span> <span class='ocrx_word' id='word_1_243' title='bbox 1327 2506 1432 2548; x_wconf 87' lang='lat' dir='ltr'>Ves-</span> 
     </span>
     <span class='ocr_line' id='line_1_35' title="bbox 42 2573 1431 2632; baseline -0.002 -13"><span class='ocrx_word' id='word_1_244' title='bbox 42 2581 158 2619; x_wconf 85' lang='lat' dir='ltr'>trum</span> <span class='ocrx_word' id='word_1_245' title='bbox 194 2577 276 2619; x_wconf 89' lang='lat' dir='ltr'>erit</span> <span class='ocrx_word' id='word_1_246' title='bbox 308 2591 434 2632; x_wconf 85' lang='lat' dir='ltr'>super</span> <span class='ocrx_word' id='word_1_247' title='bbox 469 2576 547 2617; x_wconf 89' lang='lat' dir='ltr'>hoc</span> <span class='ocrx_word' id='word_1_248' title='bbox 581 2575 696 2630; x_wconf 88' lang='lat' dir='ltr'>quod</span> <span class='ocrx_word' id='word_1_249' title='bbox 732 2573 854 2615; x_wconf 90' lang='lat' dir='ltr'>vobis</span> <span class='ocrx_word' id='word_1_250' title='bbox 892 2573 1050 2614; x_wconf 84' lang='lat' dir='ltr'>sederit</span> <span class='ocrx_word' id='word_1_251' title='bbox 1085 2573 1192 2613; x_wconf 88' lang='lat' dir='ltr'>mihi</span> <span class='ocrx_word' id='word_1_252' title='bbox 1228 2573 1263 2614; x_wconf 90' lang='lat' dir='ltr'>si</span> <span class='ocrx_word' id='word_1_253' title='bbox 1292 2574 1431 2629; x_wconf 85' lang='lat' dir='ltr'>placet</span> 
     </span>
     <span class='ocr_line' id='line_1_36' title="bbox 42 2640 1431 2702; baseline -0.003 -15"><span class='ocrx_word' id='word_1_254' title='bbox 42 2645 219 2702; x_wconf 83' lang='lat' dir='ltr'>signare.</span> <span class='ocrx_word' id='word_1_255' title='bbox 283 2644 399 2696; x_wconf 78' lang='lat' dir='ltr'>Quid</span> <span class='ocrx_word' id='word_1_256' title='bbox 445 2659 514 2685; x_wconf 90' lang='lat' dir='ltr'>me</span> <span class='ocrx_word' id='word_1_257' title='bbox 554 2643 662 2684; x_wconf 87' lang='lat' dir='ltr'>velit</span> <span class='ocrx_word' id='word_1_258' title='bbox 693 2644 838 2683; x_wconf 85' lang='lat' dir='ltr'>vestra</span> <span class='ocrx_word' id='word_1_259' title='bbox 879 2640 1115 2695; x_wconf 85' lang='lat' dir='ltr'>paternitas</span> <span class='ocrx_word' id='word_1_260' title='bbox 1156 2641 1292 2683; x_wconf 85' lang='lat' dir='ltr'>facere</span> <span class='ocrx_word' id='word_1_261' title='bbox 1333 2646 1431 2697; x_wconf 86' lang='lat' dir='ltr'>post</span> 
     </span>
     <span class='ocr_line' id='line_1_37' title="bbox 42 2708 1222 2768; baseline -0.004 -13"><span class='ocrx_word' id='word_1_262' title='bbox 42 2716 301 2768; x_wconf 85' lang='lat' dir='ltr'>praesentem</span> <span class='ocrx_word' id='word_1_263' title='bbox 338 2714 596 2753; x_wconf 81' lang='lat' dir='ltr'>autumnum</span> <span class='ocrx_word' id='word_1_264' title='bbox 628 2723 776 2765; x_wconf 84' lang='lat' dir='ltr'>precor</span> <span class='ocrx_word' id='word_1_265' title='bbox 807 2722 1003 2763; x_wconf 84' lang='lat' dir='ltr'>expresse</span> <span class='ocrx_word' id='word_1_266' title='bbox 1044 2708 1222 2763; x_wconf 79' lang='lat' dir='ltr'>signare.</span> 
     </span>
    </p>

    <p class='ocr_par' dir='ltr' id='par_1_4' title="bbox 100 2775 1432 2831">
     <span class='ocr_line' id='line_1_38' title="bbox 100 2775 1432 2831; baseline -0.003 -8"><span class='ocrx_word' id='word_1_267' title='bbox 100 2781 254 2823; x_wconf 85' lang='lat' dir='ltr'>Valeat</span> <span class='ocrx_word' id='word_1_268' title='bbox 290 2780 423 2831; x_wconf 88' lang='lat' dir='ltr'>vobis,</span> <span class='ocrx_word' id='word_1_269' title='bbox 458 2793 542 2829; x_wconf 90' lang='lat' dir='ltr'>oro,</span> <span class='ocrx_word' id='word_1_270' title='bbox 575 2781 618 2819; x_wconf 88' lang='lat' dir='ltr'>et</span> <span class='ocrx_word' id='word_1_271' title='bbox 659 2777 798 2819; x_wconf 82' lang='lat' dir='ltr'>Virtus</span> <span class='ocrx_word' id='word_1_272' title='bbox 838 2775 1011 2827; x_wconf 82' lang='lat' dir='ltr'>invicta,</span> <span class='ocrx_word' id='word_1_273' title='bbox 1054 2779 1097 2817; x_wconf 91' lang='lat' dir='ltr'>et</span> <span class='ocrx_word' id='word_1_274' title='bbox 1128 2789 1274 2818; x_wconf 85' lang='lat' dir='ltr'>sensus</span> <span class='ocrx_word' id='word_1_275' title='bbox 1314 2776 1432 2819; x_wconf 54' lang='lat' dir='ltr'>inde</span> 
     </span>
    </p>
   </div>
  </div>
 </body>
</html>
