1905 3180
628 259 864 291 EPISTOLAE.
1383 254 1406 293 9
1416 253 1435 291 1

50 372 184 412 frater
215 371 401 413 Thomas
430 373 482 414 de
511 373 782 426 Eboracensi,
809 375 1060 417 modicitate
1093 391 1188 417 mea
1219 379 1271 418 ut
1298 375 1441 417 valuit

50 442 319 494 cooperante,
341 454 368 480 0
393 441 461 482 die
486 443 743 498 receptionis
768 443 1014 484 litterarum
1037 447 1278 485 vestrarum
1305 457 1440 497 usquc

50 506 104 547 ad
137 507 414 549 nativitatem
440 510 577 551 sancti
605 510 635 551 J
639 510 821 551 ohannis
846 511 1070 566 Baptistae,
1097 514 1245 553 contra
1277 511 1439 553 sactum

49 578 344 625 memoratum,
379 576 517 617 divini
548 578 720 619 honoris
762 581 807 620 et
837 582 994 621 vestrae
1030 579 1308 634 paternitatis
1344 594 1440 620 con.-

50 643 343 698 templatione‚
369 643 685 688 deliberatioris
717 646 882 688 consilii
905 660 1078 702 operam
1110 647 1287 703 vigilem
1321 646 1439 688 exhi-

48 710 246 752 buerunt.
331 712 562 769 Quumque
608 714 784 756 effectus
831 718 1006 770 optatus
1049 715 1211 770 sperari
1255 718 1438 770 poterat,

48 779 226 820 obtensa
268 781 498 836 corporalis
529 782 792 824 valetudinis
828 782 1037 840 molestia,
1074 786 1118 824 et
1157 798 1184 824 a
1224 782 1443 824 nonnullis

47 846 232 901 allegata
275 846 321 888 in
364 849 570 891 mandato
612 850 802 891 ministri
848 850 1060 906 generalis
1108 850 1340 891 remissiori
1378 865 1443 892 co-

46 913 206 968 gentia,
240 914 375 956 frater
407 917 481 970 qui
513 918 567 958 ad
595 917 675 959 1100
706 918 894 959 maxime
923 918 1154 959 videbatur
1185 919 1373 968 idoneus,
1401 921 1446 959 et

47 982 101 1023 ob
143 982 221 1023 hoc
252 997 339 1024 non
369 984 461 1026 sine
493 985 730 1027 multarum
766 986 1150 1042 importunitatum
1191 986 1446 1042 gravamine

46 1053 236 1100 vocatus,
269 1051 518 1094 nullatenus
552 1053 608 1094 ad
638 1053 991 1109 proficiscendum
1026 1054 1071 1094 in
1103 1057 1249 1109 partes
1284 1054 1443 1104 Dacia),

45 1117 156 1158 sicut
188 1132 264 1159 nec
295 1119 384 1170 alii,
415 1120 557 1162 voluit
588 1121 792 1162 adhibere
824 1135 1084 1163 consensum.

107 1184 219 1227 Puto
266 1190 413 1227 autem
456 1188 570 1242 quod
617 1189 653 1229 si
696 1191 841 1230 vestro
884 1189 1045 1230 sederit
1095 1188 1366 1244 beneplacito
1403 1191 1447 1230 et

47 1267 113 1294 ros
161 1253 240 1295 hoc
286 1254 510 1306 desideret,
558 1270 655 1297 cum
704 1256 902 1299 minister
947 1256 1121 1312 Angliae
1166 1258 1344 1298 redierit
1393 1258 1446 1298 de

44 1321 235 1375 generali
267 1322 469 1376 capitulo,
514 1323 749 1378 impetrata
785 1338 811 1364 a
853 1324 1146 1379 superioribus
1187 1325 1446 1366 auctoritate

45 1389 293 1444 cogentiori,
345 1390 518 1445 poterit,
572 1391 806 1432 divinitate
865 1392 1066 1447 propitia,
1122 1392 1177 1432 ad
1228 1391 1446 1433 Altissimi

43 1455 225 1511 gloriam
278 1459 321 1498 et
379 1457 564 1499 salutem
627 1459 871 1499 animarum
923 1459 969 1500 in
1019 1459 1100 1500 hac
1148 1462 1271 1515 parte
1331 1460 1445 1514 quod

44 1523 231 1566 voluerit
301 1525 548 1567 sanctitatis
620 1529 778 1568 vestrae
850 1526 1070 1568 laudanda
1147 1527 1443 1578 consideratio,

44 1592 216 1634 effectui
282 1593 525 1635 desiderato
592 1594 847 1650 mancipare.
932 1594 1133 1650 Denique
1194 1609 1341 1637 carum
1397 1595 1443 1636 in

46 1659 220 1701 Christo
256 1660 471 1702 ,Iacobum
513 1661 714 1703 clericum
755 1664 950 1703 vestrum
995 1663 1051 1704 ad
1103 1663 1341 1719 supradicti
1373 1678 1444 1704 ne-

42 1727 153 1783 gotii
193 1729 535 1783 prosecutionem
572 1729 887 1781 transmissum,
932 1744 1060 1784 quem
1102 1733 1147 1771 et
1188 1729 1444 1772 laboriosior

43 1795 275 1850 vigilantia
318 1799 362 1837 et
413 1797 605 1838 sollertia
649 1796 1008 1853 circumspectior,
1046 1797 1221 1840 suavior
1261 1798 1443 1839 benevo-

43 1862 178 1904 lentia
229 1866 272 1904 et
306 1860 643 1919 ‘perseverantia
684 1864 983 1920 longanimior,
1046 1865 1163 1920 apud
1220 1865 1442 1906 dominum

47 1929 294 1982 Lincolniae,
332 1934 377 1972 et
420 1935 582 1973 ceteros
623 1946 720 1973 cum
763 1931 920 1986 quibus
961 1931 1116 1973 habuit
1147 1935 1338 1974 vestram
1370 1948 1442 1975 ex.-

42 1997 190 2052 pedire
222 1998 495 2040 voluntatem
527 1996 814 2055 multiplicius
848 2000 1246 2052 commendabilem,
1283 2004 1440 2044 vestrae

42 2065 234 2120 supplico
287 2066 557 2121 paternitati,
610 2081 766 2123 rogans
816 2067 1042 2108 humiliter
1092 2066 1343 2124 propensius
1394 2069 1440 2110 in

44 2131 233 2174 Domino
265 2134 659 2176 recommendatum
690 2134 848 2176 habere
880 2134 1130 2191 dignemini.

105 2200 397 2243 Conservetur
428 2202 618 2257 optanda
654 2206 811 2245 vestrae
844 2203 1131 2245 beatitudinis
1166 2202 1440 2246 incolumitas

44 2265 89 2309 in
116 2268 288 2310 Christo
316 2269 346 2311 J
349 2284 422 2311 esu
454 2273 498 2311 et
529 2270 780 2312 beatissima
813 2270 1002 2327 Virgine,
1037 2272 1158 2327 cujus
1186 2272 1439 2314 interventu

42 2336 167 2377 vobis
217 2351 290 2378 oro
342 2337 547 2379 concedat
583 2338 847 2391 Altissimus,
884 2338 1000 2380 inter
1044 2339 1294 2395 ingruentia
1343 2343 1439 2382 tan—

42 2407 186 2445 tarum
229 2404 510 2446 formidinum
552 2406 812 2455 discrimina,
851 2406 965 2461 quod
1011 2407 1248 2462 prudenter
1280 2408 1439 2450 discer-

42 2471 159 2522 nitis,
191 2470 342 2527 geritis
373 2472 556 2525 sortiter,
588 2476 882 2530 temperanter
918 2469 1140 2526 cohibetis,
1176 2475 1439 2517 distribuitis

42 2539 268 2594 {equaliter
308 2540 355 2581 in
396 2541 573 2590 cunctis,
617 2542 673 2582 ad
713 2542 838 2582 illum
875 2542 1007 2583 finem
1052 2542 1218 2594 referre,
1262 2543 1338 2585 ubi
1372 2547 1437 2585 est

44 2606 162 2648 Deus
206 2606 351 2649 omnia
410 2607 455 2648 in
509 2609 720 2660 omnibus,
764 2609 1012 2652 aeternitate
1065 2613 1181 2652 certa
1237 2613 1281 2652 et
1333 2625 1435 2666 pace

42 2674 237 2730 perfect&
