1905 3180
642 263 877 293 inusrotaa
965 254 974 280 ²>
1377 245 1462 295 387

672 499 844 541 CCXX.

69 624 467 667 Desidercztissimo
504 624 630 680 patri
665 624 720 666 ‘ia
755 623 941 673 Christo,
976 623 1134 664 Fratre?
1166 622 1238 671 J.)
1282 622 1465 665 Custodi

236 692 431 741 Ooeonioe,
465 693 506 733 F
506 697 625 734 iuter
661 692 770 733 Adra
801 692 991 733 sedidem
1022 691 1078 732 in
1108 691 1319 732 Domino.

135 820 394 867 Consoletur
414 837 491 864 vos
514 822 856 878 supermundani
878 823 1125 879 spiraminis
1147 821 1317 862 infusio.
1362 820 1472 861 Con·
1490 826 1559 858 Has
1575 827 1655 858 been

74 889 323 930 solatorium
355 890 508 931 attulit
549 894 711 931 maestae
755 891 894 931 menti
934 891 1173 931 remedium
1205 889 1472 930 amicissimae
1489 872 1682 955 {gnfflzmwd

75 956 176 998 fidei
207 957 297 998 fida
329 958 563 1007 sinceritas,
603 973 732 1013 quam
765 958 1022 1013 praeferebat
1053 957 1288 998 admodum
1321 959 1473 1012 optata
1490 959 1678 1008 Provincial

75 1027 233 1066 vestrae
265 1039 419 1066 manus
452 1026 643 1081 epistola.
694 1025 775 1067 Cui
806 1026 906 1066 licet
939 1026 1158 1066 succincta
1188 1025 1383 1066 brevitas
1415 1003 1695 1087 fe÷?(,1¹1¹{{3{(‘{}1]g

74 1092 204 1143 cisset
229 1093 489 1147 angustiam,
525 1094 662 1134 eidem
696 1098 845 1135 tamen
872 1094 951 1134 lati
985 1094 1123 1134 cordis
1154 1093 1346 1148 gratiosa
1377 1106 1473 1132 sua-
1490 1092 1609 1123 thence
1626 1096 1658 1122 10
1691 1081 1693 1083 ¹

75 1159 200 1209 vitas,
224 1160 415 1209 virtutis,
439 1162 653 1210 veritatis,
687 1162 864 1216 pietatis
896 1161 1164 1202 ministravit
1195 1160 1472 1201 affluentiam.
1491 1136 1642 1211 {533ssss
1655 1145 1695 1210 (ἒξ

77 1227 284 1269 Molestat
310 1243 414 1284 ergo
443 1229 649 1269 nimirum
682 1230 819 1269 dilata
840 1233 998 1270 vestrae
1031 1230 1145 1270 vivae
1173 1229 1290 1269 vocis
1322 1242 1475 1282 expec-
1494 1224 1592 1255 State.

76 1296 197 1344 tatio,
232 1296 299 1337 cui
331 1296 573 1350 praestitam
606 1311 695 1338 esse
739 1297 1013 1352 gratulamur
1057 1297 1275 1351 energiam
1323 1296 1476 1336 confir-

76 1363 246 1404 mandis
290 1364 608 1413 vacillantibus,
654 1365 853 1419 plurimis
900 1364 1141 1411 edocendis,
1187 1362 1477 1404 trementibus

78 1431 322 1472 animandis
354 1446 380 1472 a
402 1431 532 1473 Patre
565 1432 812 1483 Luminum‚
855 1447 932 1487 per
967 1432 1099 1472 Illum
1133 1432 1207 1486 qui
1239 1432 1368 1471 vivus
1415 1434 1480 1470 est

78 1513 216 1540 sermo
249 1499 429 1539 Domini
461 1504 505 1541 et
537 1499 698 1549 efficax,
733 1503 777 1541 et
818 1500 1131 1555 penetrabilior
1178 1500 1296 1540 omni
1338 1498 1480 1554 gladio

78 1567 284 1622 ancipiti3
317 1568 391 1621 qui
422 1583 510 1608 non
552 1571 698 1617 cesset,
733 1583 816 1617 oro,
850 1582 927 1624 per
958 1567 1147 1609 salutare
1180 1566 1483 1608 sollicitudinis

79 1638 236 1676 vestrae
279 1635 581 1686 ministerium,
618 1640 662 1677 et
694 1637 969 1677 saevientium
1003 1636 1244 1685 violentias,
1279 1638 1323 1676 et
1360 1635 1484 1676 sedu-

82 1704 272 1745 centium
305 1702 507 1752 fallacias,
542 1708 586 1745 et
618 1704 941 1745 blandientium
974 1704 1241 1759 petulantias
1284 1705 1485 1757 potenter

81 1772 292 1822 edomare,
317 1774 360 1812 et
392 1772 629 1826 prudenter
655 1772 882 1827 explicare,
913 1775 957 1812 et
989 1771 1220 1826 diligenter
1251 1771 1484 1817 eliminare,

84 1840 131 1880 in
161 1854 293 1894 regno
317 1839 400 1880 Dei
421 1839 615 1895 perpeti2
637 1839 971 1895 perseverantia.
1036 1839 1199 1879 Eadem
1233 1853 1318 1893 qua
1348 1839 1485 1893 recepi

85 1908 154 1949 die
179 1908 349 1948 litteras
374 1908 655 1962 paternitatis
685 1911 852 1955 vestrae,
880 1907 988 1946 mihi
1017 1907 1152 1947 vestri
1177 1907 1321 1961 gratia
1348 1910 1487 1947 trans-

85 1974 266 2025 missaS,3
312 1975 419 2016 feria
451 1975 517 2015 Vta
552 1978 650 2030 post
698 1979 898 2016 octavam
949 1974 1134 2022 Paschae,
1177 1977 1373 2028 porrecta
1423 1977 1489 2014 est

86 2043 192 2084 mihi
224 2043 356 2084 etiam
389 2043 537 2084 littera
568 2042 917 2084 reverendissimi
948 2042 1085 2097 patris
1116 2042 1305 2082 ministri
1336 2042 1488 2092 nostri,

86 2111 134 2151 in
155 2111 302 2152 eadem
326 2111 572 2166 signantes4
593 2114 644 2151 ut
666 2126 742 2166 per
763 2111 968 2151 meritum
999 2110 1200 2151 salutaris
1232 2110 1490 2150 obedientiae

89 2193 156 2220 me
178 2179 456 2220 transferrem
475 2179 733 2234 Radingam,
758 2179 867 2219 circa
890 2178 1152 2233 quindenam
1173 2178 1355 2227 Paschae,
1379 2178 1489 2228 inde,

88 2247 125 2288 si
154 2262 221 2289 res
251 2248 332 2289 hoc
363 2248 624 2303 expostulat,
658 2248 713 2288 ad
744 2250 892 2302 partes
915 2246 1152 2287 Londoniae
1183 2246 1490 2301 profecturum,

87 2318 265 2370 >propter
296 2315 454 2356 summi
487 2315 748 2356 discriminis
780 2314 958 2369 negotia
991 2316 1209 2368 sceptrum
1240 2313 1363 2368 regni
1395 2328 1492 2354 con—

92 2383 320 2438 tingentia.
406 2383 504 2424 Hoc
557 2386 705 2424 autem.
758 2382 988 2422 mandavit
1040 2384 1304 2422 memoratus
1355 2385 1490 2436 pater,

94 2451 204 2492 sicut
250 2452 341 2506 ipse
384 2452 638 2501 insinuavit,
672 2453 901 2506 superatus
945 2449 1158 2490 instantia
1201 2449 1493 2503 majestatum,

94 2519 251 2572 quibus
300 2519 381 2559 hoc
432 2533 589 2574 negare
640 2519 852 2573 nequivit.
936 2516 1052 2567 Quid
1103 2517 1338 2571 protendat
1381 2516 1495 2570 quod

95 2589 221 2627 tanta
254 2586 563 2628 difficultatum
594 2587 830 2628 vexamina
860 2585 1060 2640 ignaram
1092 2599 1199 2626 meae
1231 2584 1496 2625 modicitatis

142 2817 150 2835 ¹
177 2816 266 2848 John
283 2818 323 2848 de
340 2816 504 2849 stanford.
870 2815 881 2832 ³
906 2814 1134 2849 transmissam,
1150 2814 1222 2845 MS.

141 2869 155 2887 ²
179 2869 242 2907 Sic,
259 2869 332 2901 MS.
797 2822 802 2907 l
870 2867 881 2884 ⁴
905 2865 1071 2906 signantis,
1089 2865 1162 2896 MS.

1175 2919 1318 2957 13132
