1905 3180
172 371 263 402 Trial
274 370 374 403 ofthe

172 416 250 446 lim-1
267 416 305 447 of

171 460 346 494 Lcicester.

397 232 479 271 1241
883 239 988 269 ADAE
1021 239 1081 268 DE
1111 238 1307 269 MARIsco

452 364 615 405 Verum
650 363 696 404 in
730 366 823 404 tam
856 361 1077 417 frequenti
1111 361 1253 403 vocali
1291 361 1601 402 benevolentia
1631 375 1799 416 semper

391 431 696 487 experiebatur
746 445 969 485 perraram
1011 429 1171 470 realem
1213 428 1464 470 amicitiam.
1531 428 1649 480 Quid
1700 443 1800 483 pro-

391 498 575 540 tendat¹
634 498 974 554 magistratuum
1022 495 1296 539 vestrorum¹
1342 496 1583 538 execranda
1630 495 1800 537 saeculis

389 567 592 609 omnibus
634 567 822 623 ignavia,
866 568 1016 607 vestra
1057 565 1143 606 scio
1185 564 1340 606 melius
1382 564 1573 606 aestimat
1614 563 1801 620 provida

390 635 690 677 consideratio.
756 634 886 686 Quid,
910 634 1105 689 inquam,
1129 632 1214 673 nisi
1248 631 1534 673 subitationis
1566 632 1800 688 insperatae

390 703 717 745 formidandum
759 701 1011 744 excidium?
1074 700 1187 743 Cum
1228 702 1378 741 autem
1415 703 1514 757 post
1567 700 1801 740 diuturnas

389 771 624 826 impiorum
666 770 1030 826 concrepationes,
1066 768 1145 809 vix
1189 771 1417 810 extortum
1461 770 1573 809 esset
1612 766 1804 808 laborio-

388 838 449 880 sis
473 838 698 880 instantiis
729 842 781 879 ut
818 852 958 879 comes
993 836 1253 891 Leycestriae
1285 838 1330 877 et
1360 835 1446 876 viri
1482 835 1627 891 plures
1659 838 1803 891 potes-

389 906 514 948 tate2
550 906 687 948 validi
730 910 774 948 et
806 905 1023 947 fidelitate
1064 904 1194 956 firmi,
1228 904 1400 959 eloquio
1431 903 1714 946 rationabiles
1755 906 1802 944 et

389 974 714 1030 perseverantia
759 973 975 1025 indefessi,
1019 972 1245 1029 opulentia
1295 971 1483 1027 praediti,
1525 972 1573 1012 in
1613 970 1801 1027 negotiis

391 1042 588 1092 consulti,
612 1042 659 1083 in
690 1041 1025 1083 difficultatibus
1057 1039 1254 1091 animosi,
1288 1041 1401 1081 sicut
1433 1040 1514 1081 hac
1545 1040 1639 1081 vice
1671 1039 1802 1080 series

391 1125 620 1151 causarum
655 1109 880 1166 potissime
918 1108 1170 1159 declaravit,
1204 1108 1279 1163 qui
1311 1122 1366 1149 ex
1398 1107 1580 1149 adverso
1612 1107 1726 1149 sicut
1757 1109 1803 1148 et

391 1178 564 1234 praefati
605 1192 754 1220 eorum
792 1176 1041 1227 adversarii,
1076 1176 1132 1217 ad
1168 1175 1430 1217 mandatum
1477 1175 1643 1216 domini
1674 1175 1801 1230 regis,

392 1246 474 1288 sub
514 1246 635 1288 salvo
681 1245 900 1288 conductu
933 1245 986 1287 de
1028 1244 1244 1286 Vasconia
1275 1246 1500 1294 venerant,
1533 1243 1645 1285 sicut
1688 1243 1802 1284 ratio

392 1313 584 1370 cogebat,
608 1314 895 1366 audirentur3
928 1316 1194 1354 memoratus
1225 1326 1366 1354 comes
1394 1312 1656 1366 Leycestriae
1684 1311 1804 1352 lucu-

392 1382 525 1424 lentae
555 1382 740 1424 rationis
762 1381 878 1423 clara
906 1381 1216 1437 prosecutione,
1248 1380 1304 1422 ab
1332 1380 1462 1421 initio
1487 1380 1554 1420 sui
1583 1380 1804 1435 ingressus

394 1451 442 1491 in
473 1450 732 1491 Vasconiam
764 1464 900 1505 usque
932 1449 989 1490 ad
1018 1452 1278 1504 praesentem
1312 1448 1440 1499 diem,
1473 1462 1694 1503 processus
1735 1447 1803 1488 sui

395 1517 602 1566 ordinem,
636 1521 728 1558 tam
762 1517 810 1557 in
851 1516 1030 1572 pacifico
1063 1516 1367 1565 moderamine,
1407 1530 1540 1570 quam
1577 1515 1624 1556 in
1655 1515 1803 1556 labore

394 1585 559 1635 bellico,
595 1600 673 1641 pro
714 1585 902 1627 ecclesiae
935 1584 1154 1640 dignitate
1187 1587 1231 1626 et
1272 1583 1501 1639 majestate
1532 1583 1663 1639 regia,
1706 1597 1804 1625 nec—

396 1668 484 1695 non
514 1657 605 1695 tam
638 1653 740 1695 cleri
772 1667 904 1708 quam
934 1652 1087 1708 populi
1115 1652 1347 1694 securitate
1378 1651 1542 1707 pariter
1573 1654 1617 1692 et
1649 1651 1803 1701 salute,

395 1721 590 1777 undique
646 1721 790 1763 veraci
842 1720 1096 1762 testimonio
1149 1718 1372 1768 subnixus,
1427 1733 1572 1760 coram
1625 1718 1803 1760 domino

395 1804 496 1845 rege
528 1792 572 1830 et
603 1788 692 1830 suis
723 1788 1005 1844 magnatibus
1037 1787 1370 1838 demonstravit,
1406 1791 1449 1829 et
1477 1786 1652 1841 singula
1679 1786 1831 1842 repu?

396 1858 566 1899 tatione
610 1857 744 1913 digna
785 1857 841 1898 ab
878 1856 1048 1898 aemulis
1080 1855 1344 1897 denuntiata
1380 1854 1566 1910 singulis
1602 1854 1805 1896 veritatis

395 1925 593 1981 probatae
624 1924 842 1981 responsis
873 1923 1132 1966 confutavit.
1198 1923 1382 1979 Insuper
1413 1923 1546 1965 etiam
1578 1923 1663 1963 viri
1694 1937 1805 1979 prae-

398 1993 518 2043 dicti,
573 1996 666 2034 tam
717 1993 879 2034 milites
923 2007 1053 2048 quam
1098 1992 1224 2041 cives,
1269 1991 1346 2046 qui
1398 1991 1576 2032 domino
1628 1991 1718 2046 regi
1761 1995 1805 2032 et

398 2061 549 2103 comiti
584 2061 858 2116 Leycestriae,
901 2064 993 2101 tam
1038 2060 1152 2102 bello
1191 2074 1323 2115 quam
1366 2073 1481 2115 pace,
1527 2059 1729 2115 vigenter
1760 2063 1804 2100 et

398 2132 574 2170 strenue
622 2128 874 2177 servierant,
913 2127 1075 2169 muniti
1116 2127 1277 2169 litteris
1317 2127 1573 2182 patentibus
1615 2140 1805 2169 commu-

398 2196 555 2237 nitatis
588 2195 931 2251 Burdegalensis,
965 2196 1014 2236 in
1056 2210 1142 2251 qua
1185 2195 1310 2250 quasi
1351 2198 1498 2237 totum
1534 2195 1668 2237 robur
1700 2194 1805 2236 Vas-

401 2263 535 2305 eoniae
583 2263 639 2304 acl
680 2262 1032 2318 distringendum
1075 2263 1265 2312 hostiles,
1310 2266 1354 2304 et
1395 2262 1546 2304 fideles
1577 2265 1806 2318 protegen-

401 2331 517 2380 dum,
552 2331 785 2372 consistere
816 2330 1099 2386 dignoscitur,
1131 2345 1186 2371 ex
1226 2330 1398 2385 scriptis
1431 2330 1697 2371 authenticis
1728 2345 1806 2385 per

400 2412 617 2440 sermones
649 2398 834 2439 disertos
864 2397 1094 2439 manifeste
1124 2400 1439 2446 monstrarunt,
1473 2411 1604 2452 quam
1632 2397 1805 2452 potenti

400 2466 676 2516 strenuitate,
708 2480 840 2521 quam
870 2465 1081 2521 prudenti
1110 2465 1502 2520 circumspectione,
1527 2479 1658 2520 quam
1683 2465 1805 2519 justo

400 2534 707 2585 moderamine,
731 2548 863 2589 quam
892 2532 1187 2590 perseveranti
1217 2532 1567 2588 longanimitate,
1605 2533 1806 2574 dominus

401 2617 543 2645 comes
573 2605 738 2644 terram
779 2601 1005 2643 Vaseoniae
1043 2601 1099 2641 ad
1141 2600 1308 2642 domini
1349 2601 1464 2656 regis
1506 2603 1550 2642 et
1580 2600 1804 2642 haeredum

401 2685 577 2713 suorum
623 2669 868 2727 profectum
909 2672 955 2712 et
995 2669 1214 2718 honorem,
1262 2668 1318 2710 ad
1353 2668 1699 2710 sublevationem
1731 2668 1804 2710 de-

446 2903 456 2924 1
474 2903 542 2946 sic,
560 2903 634 2936 MS.
1082 2900 1088 2946 ι
1169 2902 1181 2920 2
1194 2901 1261 2945 ρ’·ο,
1279 2902 1354 2936 MS.
