1905 3180
655 241 885 271 1⁴:1’IS'1·01„J<2.
1382 232 1391 269 l
1406 230 1459 270 53

72 353 394 409 depopulantes,
434 355 593 396 Filium
628 355 710 396 Dei
745 354 1053 404 conculcantes,
1091 353 1346 408 sanguinem
1380 357 1462 393 tes-

71 421 254 462 tamenti
307 421 522 476 pollutum
577 423 794 473 ducentes,
853 421 1039 477 Spiritui
1100 420 1256 476 gratiae
1311 424 1464 461 contu-

68 487 241 529 meliam
284 489 499 532 facientes.
564 490 681 542 Quid
732 490 859 539 enim,
915 488 1023 544 proh
1076 490 1224 529 nefas!
1270 488 1315 528 in
1357 503 1465 543 prze-

67 555 306 597 sentiarum
343 557 513 613 uspiam
541 558 657 614 apud
690 558 805 599 viros
834 556 1155 605 ecclesiasticos,
1183 556 1277 603 heu,
1308 560 1466 611 praeter

67 623 300 665 admodum
342 639 508 680 paucos,
550 626 789 682 aspicimus,
834 625 917 666 nisi
961 628 1039 665 aut
1069 624 1341 679 arrogantius
1373 623 1465 678 dig-

66 691 270 742 nitatum,
309 696 387 734 aut
433 694 640 735 avaritias
681 693 952 741 facultatum,
992 695 1069 733 aut
1106 691 1466 733 immoderantias

66 759 356 816 voluptatum,
416 761 463 802 in.
517 762 674 816 quibus
727 761 915 802 mentita
970 760 1234 816 professione
1293 758 1462 799 animas

66 827 242 882 perdere
291 843 381 870 non
426 829 656 881 desistunt,
696 843 773 885 pro
808 843 992 884 quarum
1026 828 1268 869 salvatione
1312 826 1466 868 salutis

66 893 245 937 Auctori
295 910 439 938 coram
487 897 645 939 throno
687 897 932 951 Majcstatis
984 899 1077 937 tam
1129 895 1311 937 solemni
1360 909 1460 950 pro-

67 964 302 1006 testatione
349 966 707 1021 spoponderunt?
773 964 1064 1016 Quamobrem
1113 963 1269 1005 summi
1287 962 1439 1004 Salva-

65 1031 173 1073 toris
220 1032 443 1087 provisiva
495 1033 670 1074 bonitas
711 1036 938 1074 tantorum
993 1031 1293 1073 discriminum
1335 1030 1460 1071 malis

66 1098 401 1149 immanissimis,
456 1101 787 1157 superclementi
845 1114 1071 1142 occurrens
1128 1098 1460 1154 dispensatione,

65 1180 153 1208 non
195 1171 284 1209 tam
325 1168 542 1210 brevitate
571 1169 799 1217 succincta,
828 1183 958 1223 quam
992 1166 1213 1209 luculenta
1252 1167 1463 1222 perspica-

65 1235 198 1276 citate
228 1235 412 1277 formam
443 1236 819 1292 praeficiendorum
857 1235 1062 1277 curandis
1101 1234 1342 1284 animabus,
1386 1249 1462 1289 per

64 1306 259 1345 sanctam
313 1305 566 1359 pastionem,
601 1304 859 1353 describens,
912 1304 1010 1344 ait:
1064 1303 1224 1343 “Date
1268 1317 1289 1343 c
1336 1302 1461 1343 vobis

67 1375 91 1393 “
123 1371 239 1412 viros
280 1371 495 1427 sapientes
547 1375 592 1413 et
643 1386 811 1427 gnaros,
861 1384 1045 1425 quorum
1092 1369 1362 1412 conversatio
1405 1369 1463 1410 sit

67 1445 90 1461 “
120 1438 304 1495 probata
343 1438 390 1479 in
426 1438 630 1481 tribubus
672 1439 771 1488 suis,
815 1441 859 1479 et
901 1438 1012 1479 dabo
1059 1437 1184 1479 vobis
1226 1451 1297 1479 eos
1343 1437 1463 1492 prin-

66 1512 87 1528 “
121 1506 233 1562 cipes
250 1505 286 1548 :’'
317 1507 432 1548 viros
474 1506 688 1557 videlicet,
733 1506 890 1561 quibus
919 1506 976 1547 sit
1011 1509 1055 1547 et
1096 1506 1222 1561 vigor
1258 1505 1460 1556 invictus,

66 1577 111 1616 et
153 1589 301 1617 sensus
342 1574 607 1631 indeceptus,
657 1578 701 1616 et
749 1574 865 1616 zelus
910 1574 1182 1625 irremissus3
1235 1573 1462 1628 sapientes,

64 1657 141 1698 per
171 1657 278 1698 quos
315 1645 360 1684 et
390 1657 558 1684 morum
590 1642 794 1684 honestas
848 1646 892 1684 et
938 1642 1102 1683 veritas
1144 1641 1245 1683 fidei
1276 1641 1464 1682 fideliter

66 1711 392 1763 annuntietur;
451 1725 620 1767 gnaros,
673 1710 748 1765 qui
780 1713 825 1751 et
875 1709 1068 1751 coelestia
1112 1711 1382 1750 sacramenta
1418 1712 1463 1750 et

65 1778 318 1835 compendia
359 1781 533 1819 terrena
575 1778 813 1834 prudenter
854 1776 1192 1826 administrent3
1244 1782 1462 1831 “quorum

67 1852 90 1868 “
121 1846 391 1888 conversatio
423 1846 481 1888 sit
514 1846 700 1902 probata
730 1845 777 1885 in
808 1843 1010 1885 tribubus
1041 1843 1169 1892 suiS,”
1210 1844 1368 1899 quibus
1398 1845 1462 1885 vi-

66 1914 221 1956 delicet
251 1917 344 1956 tam
375 1928 504 1969 super
540 1914 629 1955 otio
662 1911 1006 1968 contemplandae
1039 1911 1298 1960 divinitatis,
1330 1926 1460 1966 quam

66 1996 193 2038 super
236 1981 526 2023 humanitatis
572 1980 875 2036 impendendae
926 1979 1113 2034 negotio,
1166 1979 1213 2020 in
1255 1979 1461 2020 distribu-

65 2049 258 2092 tionibus
308 2048 689 2090 ecclesiasticorum
740 2047 965 2103 graduum,
1019 2047 1242 2103 probatior
1295 2048 1462 2104 experi-

67 2117 188 2159 entia
241 2116 462 2158 laudabile
503 2117 730 2172 perhibeat
773 2115 1086 2157 testimonium.
1153 2115 1323 2167 Quibus
1365 2131 1461 2171 pro-

66 2185 190 2234 fecto,
222 2188 266 2226 et
298 2199 387 2226 non
421 2184 527 2233 aliis,
562 2184 599 2226 si
632 2184 819 2239 seipsum
854 2197 1012 2238 negare
1046 2183 1211 2238 nequit,
1247 2184 1461 2239 principa-

67 2256 164 2294 tum
195 2252 251 2293 ad
282 2251 518 2308 pascendas
544 2251 711 2293 animas
739 2251 1009 2293 solummodo
1035 2251 1230 2293 concedit
1256 2251 1460 2308 Princeps

65 2319 156 2377 ipse
186 2323 421 2376 pastorum.

124 2388 279 2444 Igitur,
322 2386 683 2430 desideratissime
724 2390 850 2444 pater
900 2390 945 2429 et
995 2386 1167 2429 domine
1219 2386 1461 2430 clementisu

65 2456 182 2505 sime,
222 2455 276 2497 ob
307 2456 621 2512 pavescendam
664 2470 812 2498 rerum
842 2455 1027 2497 istarum
1059 2456 1459 2506 considerationem,

66 2537 164 2566 cum
192 2523 248 2565 ad
273 2524 392 2580 piam
419 2524 678 2566 instantiam
709 2523 867 2565 nobilis
892 2523 978 2564 viri
1008 2523 1174 2564 domini
1203 2524 1378 2566 Ricardi
1407 2525 1460 2566 dc

68 2590 254 2648 Rupella
283 2607 421 2648 nuper
441 2591 709 2648 interpellati
740 2605 938 2641 essemus,
960 2594 1012 2632 ut
1043 2591 1303 2646 praesulatus
1323 2593 1460 2635 vestri

66 2663 227 2702 sanctae
258 2659 517 2715 paternitati
536 2660 681 2701 virum
702 2659 907 2701 idoneum
929 2659 1265 2714 designaremus,
1288 2660 1361 2715 qui
1383 2675 1460 2715 per

67 2727 210 2784 ipsum
240 2728 569 2783 praesentandus
595 2728 651 2768 ad
682 2727 901 2769 ecclesiam
923 2726 975 2767 de
997 2726 1258 2776 VVikendun,
1293 2728 1460 2768 animas

66 2795 185 2838 fideli
213 2795 445 2851 prudentia
466 2798 670 2851 pasceret,
692 2798 736 2837 et
757 2794 890 2836 verbo
911 2794 1029 2843 vitae,
1052 2798 1096 2836 et
1123 2795 1319 2850 exemplo
1340 2795 1457 2845 vitre,
