1905 3180
650 247 884 276 EPISTOLAE.
1382 242 1466 286 127

69 361 291 402 daoiomm
327 360 629 402 fraudulentiis
667 361 981 413 convicissent5
1026 376 1218 403 asserens
1250 362 1337 403 illis
1369 376 1468 403 0011-
1487 367 1688 421 'ljrialofthc

69 429 257 484 dignam,
290 429 388 470 istis
420 443 522 470 vero
564 430 729 470 nullam
773 429 1065 471 adhibendam
1108 445 1197 472 esse
1239 430 1468 472 credulita·
1487 412 1663 488 ffssessfer

67 500 184 548 tem3
216 496 297 538 hoc
328 497 470 551 ipsum
502 497 658 538 comite
683 497 896 538 Rich-ardo
929 500 973 539 et
1004 499 1179 547 caeteris,
1204 502 1296 539 tam
1318 498 1469 553 praela-

66 565 125 606 tis
156 564 347 606 ecclesiae
380 578 510 618 quam
542 565 789 620 proceribus
811 566 943 620 regni,
978 580 1108 619 quam
1141 569 1185 607 et
1217 567 1470 607 consiliariis

66 631 286 687 principis,
319 632 518 672 unanimi
551 633 865 687 protestatione
896 632 1244 675 acclamantibus.
1310 634 1470 685 Quam-

68 699 136 740 vis
158 702 306 740 autem
328 703 426 755 post
455 700 547 741 haec
568 700 678 740 nihil
710 704 873 741 restare
896 700 1229 755 dignosceretur,
1253 702 1335 742 nisi
1357 702 1469 742 veri—

66 770 137 808 tas
169 766 344 808 defensa
374 768 675 822 praemiaretur
716 771 760 809 et
800 768 1030 823 pimiretur
1060 769 1259 810 convicta
1288 768 1466 817 falsitas,

68 837 217 876 tamen
267 838 366 889 post
416 835 556 876 noctis
597 835 727 876 unius
770 835 1063 885 intervallum,
1106 836 1277 877 reditur
1327 838 1469 892 ruptis

67 902 170 944 loris
202 902 426 957 aequitatis
458 905 503 944 et
541 903 729 957 justiti-(e
776 906 928 944 contra
960 904 1163 945 comitem
1195 904 1466 959 Leycestriae,

68 970 125 1011 ad
156 970 375 1011 minarum
403 971 607 1020 saevitias,
630 970 687 1011 ad
716 971 956 1026 protervias
982 971 1380 1026 exprobrationum,
1413 972 1469 1013 ad

69 1038 423 1093 objurgationum
455 1039 722 1089 acrimonias,
756 1039 812 1079 ad
839 1039 1105 1080 indecentias
1133 1040 1467 1095 despectionum,

68 1106 370 1147 tumultuante
400 1106 515 1161 regis
546 1105 783 1155 iracundia,
817 1109 861 1147 et
892 1105 1096 1148 sibilante
1133 1108 1469 1162 perniciosorum

69 1173 375 1215 fraudulentia.
460 1172 756 1215 Confunditur
796 1173 947 1228 fasque
987 1174 1206 1230 nefasque,
1240 1178 1284 1216 et
1316 1175 1471 1216 dehinc

70 1241 274 1282 continue
316 1255 392 1296 per
426 1243 543 1282 totos
586 1241 676 1282 dies
718 1241 887 1295 aliquot
921 1245 965 1282 et
996 1245 1144 1283 noctes
1175 1243 1223 1283 in
1253 1243 1472 1297 prolixum

70 1308 268 1349 tenditur
299 1307 593 1348 intolerabilis
615 1308 784 1362 agoniae
807 1308 997 1349 vexatio.

132 1375 285 1417 Comes
316 1389 418 1416 vero
461 1375 573 1416 sicut
619 1375 713 1415 fieri
760 1375 915 1426 valuit,
958 1376 1077 1417 inter
1122 1379 1214 1416 tam
1262 1377 1477 1418 horrenda

71 1443 410 1485 commotionum
453 1442 717 1493 turbamina,
757 1442 814 1483 ad
851 1443 930 1484 hoc
961 1443 1101 1484 modis
1137 1444 1211 1498 qui
1244 1458 1478 1500 congruere

71 1510 361 1552 credebantur
406 1509 523 1564 apud
555 1509 780 1550 dominum
824 1525 969 1566 regem
1011 1510 1266 1566 diligentius
1308 1514 1477 1568 agebat,

70 1582 122 1620 ut
153 1578 206 1620 de
238 1578 373 1633 ipsius
404 1577 679 1633 beneplacito
711 1581 755 1619 et
787 1578 1047 1633 provisione,
1080 1580 1319 1634 pacificatis
1359 1581 1479 1635 prius

71 1647 264 1702 partium
297 1645 501 1696 discidiis,
540 1648 586 1686 et
617 1645 794 1686 illarum
825 1645 1035 1701 utraquel
1069 1647 1219 1688 comiti
1252 1649 1480 1690 conciliata

71 1728 149 1770 per
175 1714 340 1769 regiam
379 1713 700 1764 auctoritatem,
735 1713 1078 1768 proficisceretur
1110 1715 1157 1755 in
1189 1718 1351 1756 terram
1374 1716 1480 1757 Vas—

73 1782 221 1833 coniae,
251 1785 427 1823 acturus
457 1781 650 1837 ejusdem
680 1781 923 1822 custodiam
951 1781 998 1821 in
1019 1781 1198 1835 justitia
1229 1786 1272 1823 et
1299 1783 1478 1836 judicio,

73 1849 369 1891 misericordia
410 1852 454 1890 et
496 1848 861 1897 miserationibus,
897 1851 941 1889 et
983 1863 1081 1889 cum
1124 1850 1324 1890 omnibus
1365 1851 1480 1905 quod

74 1918 121 1958 in
169 1931 213 1958 se
258 1916 371 1958 foret
421 1930 570 1971 pacem
628 1915 871 1966 habiturus,
925 1916 981 1956 ad
1033 1915 1288 1957 salvandam
1340 1918 1479 1959 eidem

76 1985 251 2026 domino
283 1984 375 2037 regi
407 1986 452 2024 et
479 1982 725 2024 haeredibus
757 1983 857 2033 suis,
874 1982 1009 2036 juxta
1041 1983 1155 2037 quod
1184 1984 1267 2025 sibi
1299 1984 1481 2040 desuper

76 2054 352 2100 annueretur,
409 2050 456 2090 in
508 2053 744 2105 posterum,
804 2050 952 2090 stabili
987 2051 1221 2092 securitate
1268 2055 1480 2106 pacatam,

77 2119 420 2161 dominationem
461 2120 589 2159 terr-ae
622 2117 859 2159 Vasconiae.
927 2117 1054 2168 Quod
1086 2119 1122 2158 si
1164 2118 1476 2161 dissentionum

77 2186 326 2228 excluderet
371 2184 667 2241 placationem
695 2185 985 2240 pertinacium
1016 2185 1284 2241 improbitas,
1318 2187 1480 2229 obtulit

77 2269 121 2296 se
173 2254 459 2295 nihilominus
516 2252 659 2294 dictus
718 2267 869 2304 comeS,
927 2256 979 2294 ut
1035 2252 1088 2294 de
1146 2253 1314 2295 domini
1367 2256 1481 2311 regis

77 2322 298 2378 provisiva
339 2320 675 2376 dispensatione,
731 2334 828 2361 cum
880 2320 1158 2376 expeditione
1200 2321 1393 2363 militum
1437 2326 1481 2363 et

77 2403 297 2431 armorum
329 2391 553 2443 apparatu,
587 2388 646 2428 ad
670 2390 846 2428 tantum
877 2387 1104 2443 negotium
1135 2390 1394 2440 necessariis,
1418 2404 1480 2430 re-

77 2460 323 2498 verteretur
367 2455 414 2496 in
446 2455 717 2506 Vasconiam,
752 2455 819 2495 sui
850 2455 985 2510 ipsius
1027 2458 1072 2497 et
1113 2456 1349 2497 amicorum
1386 2471 1481 2498 suo—

77 2539 176 2566 rum
219 2537 434 2579 personas,
479 2522 666 2573 sudoreS,
710 2522 964 2578 vigilantias
1016 2526 1060 2564 et
1111 2523 1351 2574 facultates,
1402 2539 1480 2579 pro

77 2592 213 2648 ipsius
260 2590 426 2631 domini
476 2590 590 2645 regis
630 2592 675 2630 et
716 2589 936 2631 haeredum
978 2604 1152 2631 suorum
1193 2591 1480 2632 indemnitate

79 2660 243 2715 pariter
273 2661 318 2699 et
349 2657 555 2713 profectu,
578 2657 634 2697 ad
665 2656 1016 2698 humiliationem
1049 2658 1276 2699 rebellium
1306 2662 1349 2700 et
1381 2660 1479 2700 sub-

711 2835 719 2853 1
739 2834 804 2874 sie,
822 2834 895 2865 ms.
