1905 3180
63 470 85 488 <C

63 539 85 556 (ί

64 607 85 624 (ί

64 675 87 693 C(

667 280 879 313 PREFACE.
1419 269 1457 309 ci

124 397 322 440 “Omnes
364 397 500 438 sancti
534 399 578 437 et
608 396 851 452 philosophi
886 395 1033 436 Latini
1071 397 1114 436 et
1151 398 1288 450 poetae
1323 394 1455 435 scive-

116 470 219 507 runt
261 465 313 506 de
354 465 515 520 linguis
557 464 719 513 alienis,
754 467 798 505 et
842 478 988 504 omncs
1029 463 1244 518 sapientes
1286 463 1454 517 antiqui

118 548 301 588 quorum
342 533 502 574 multos
543 532 734 574 vidimus
775 532 930 572 durare
981 546 1116 585 usquc
1163 531 1217 571 ad
1259 536 1455 572 nostrum

118 606 288 657 tempus
309 605 361 642 ut
384 601 593 642 Dominos
616 600 847 656 Episcopos
871 599 1211 640 Lincolniensem
1239 602 1283 640 et
1306 599 1457 641 Sancti

120 669 303 711 Davidis
335 672 379 710 et
413 669 610 710 Fratrem
642 666 913 709 Ada1n.’'—-I
916 666 946 707 b.
982 666 1041 708 ch.
1075 681 1178 707 xxv.

124 737 379 788 Elsewhere,
418 736 619 777 “Omnes
661 736 877 791 sapientes
919 734 1091 788 antiqui
1127 738 1171 775 et
1203 734 1277 789 qui
1320 735 1458 776 adhuc

65 812 88 827 “
120 808 418 847 remanserunt
447 818 583 859 usque
614 803 670 844 ad
702 807 897 858 tempora
927 806 1075 843 nostra
1106 802 1313 843 dixerunt
1345 804 1459 858 quod

66 880 89 896 “
122 873 206 915 fuit
234 874 405 914 animus
436 887 583 914 unum.
647 872 740 927 Ego
772 871 838 912 bis
882 870 1032 911 audivi
1061 871 1354 911 venerabilem
1385 885 1460 912 an-

68 948 88 964 ί(

120 941 306 983 tistiteln
356 940 609 982 Parisiensis
662 939 862 981 Ecclesiae
906 937 1145 979 Dominum
1193 939 1458 981 Gulielmum

68 1016 88 1031 “
121 1009 352 1061 Alverniae‚
391 1010 651 1065 congregata
688 1006 993 1049 Universitate
1034 1021 1175 1048 coram
1218 1021 1278 1056 eo,
1321 1022 1463 1063 repro-

67 1084 89 1100 (t

68 1151 90 1167 <l

69 1217 92 1235 (ί

68 1285 90 1303 C(

69 1355 90 1371 ί(

70 1421 93 1439 ί(

122 1077 224 1119 bare
253 1091 323 1119 eos
354 1080 399 1118 et
421 1077 644 1132 disputare
676 1090 773 1117 cum
805 1075 874 1124 eis,
899 1078 944 1116 et
965 1075 1169 1130 probavit
1200 1090 1276 1130 per
1297 1075 1462 1130 aliquas

122 1145 310 1187 rationes
331 1160 438 1201 quas
459 1159 586 1201 pono,
610 1143 726 1198 quod
747 1157 894 1184 onmes
920 1146 1185 1184 erraverunt.
1248 1143 1464 1184 Dominus

123 1228 225 1255 vero
248 1213 464 1255 Robertus
488 1212 725 1268 Episcopus
748 1210 1059 1252 Lincolniensis
1081 1215 1125 1252 et
1147 1210 1300 1252 Frater
1321 1211 1464 1253 Adam

124 1281 177 1322 de
211 1281 395 1323 Marisco
436 1280 620 1336 majores
651 1279 789 1321 clerici
833 1279 884 1320 de
926 1279 1099 1329 mundo,
1134 1282 1179 1320 et
1210 1278 1387 1333 perfecti
1419 1280 1464 1319 iu

122 1350 336 1405 sapientia
372 1348 523 1390 divina
564 1351 609 1389 et
648 1347 851 1398 humana,
890 1346 968 1387 hoc
1009 1346 1124 1387 idem
1167 1346 1462 1389 firmaverunt.

127 1416 257 1458 Unde
289 1416 462 1472 quando
493 1430 571 1471 per
611 1414 901 1456 tentationem
932 1414 1002 1456 vel
1045 1414 1300 1455 derisionem
1332 1415 1468 1469 aliqui

72 1491 93 1506 ‘⁴
127 1485 315 1527 Minores
345 1487 685 1541 praesumptuose
729 1483 1023 1538 quaesiverunt
1066 1497 1091 1523 a
1126 1481 1279 1524 Fratre
1312 1483 1465 1524 Adam.

72 1558 96 1576 CC

71 1625 95 1643 (ί

129 1559 138 1575 ‘
172 1552 297 1606 Quid
331 1557 393 1595 est
423 1550 674 1594 intellectus
706 1551 901 1606 aye‘nSZ'
965 1550 1235 1606 Respondit:
1274 1550 1468 1593 ‘Corvus

128 1626 137 1643 ‘
168 1620 284 1663 Elioe
304 1621 336 1663 .·'
377 1620 527 1662 volens
568 1634 644 1676 per
678 1619 758 1661 hoc
794 1619 933 1660 dicere
970 1619 1086 1674 quod
1120 1618 1206 1660 fuit
1243 1618 1362 1660 Deus
1398 1619 1467 1660 vel

75 1696 94 1710 “
127 1689 313 1745 angelus.
376 1687 462 1730 Sed
482 1688 626 1729 noluit
656 1687 897 1743 exprimere
929 1687 1032 1742 quia
1061 1686 1275 1728 tentando
1307 1690 1351 1728 et
1381 1701 1469 1727 non

74 1762 96 1778 G(

127 1760 303 1813 propter
334 1756 594 1812 sapientiam
626 1753 1084 1811 quaesiverunt.’'——-Ib.
1118 1753 1177 1796 ola.
1210 1754 1332 1796 xxiii.

133 1824 222 1866 The
258 1825 342 1866 last
378 1824 553 1866 remark
590 1823 682 1865 will
718 1823 771 1865 be
818 1822 1068 1865 considered
1115 1823 1175 1877 by
1216 1827 1329 1865 most
1370 1837 1468 1864 men

71 1907 117 1934 as
152 1893 337 1935 decisive
374 1907 431 1935 on
461 1892 536 1934 the
567 1891 744 1947 subject.
