1905 3180
238 1839 286 1872 Of
299 1841 352 1873 the

235 1896 332 1918 saule.

460 259 544 299 364
944 263 1048 294 ADAE
1081 262 1141 293 DE
1172 261 1366 292 MAmsco

459 391 558 432 dere
600 403 687 429 non
734 387 902 428 ducatis
946 386 1206 441 indignum3
1258 398 1533 440 nequaquam
1566 386 1770 439 putantes
1801 383 1854 424 ad

459 471 678 498 excessum
711 456 825 510 quod
857 454 1126 510 aliquamdiu
1158 452 1237 494 sub
1270 452 1405 494 vestri
1436 450 1667 507 patrocinii
1698 451 1856 492 fiducia

459 525 642 566 Oxoniae
674 538 839 565 moram
871 521 1070 572 traxerit,
1105 521 1188 562 loci
1220 521 1439 562 custodem
1474 522 1716 575 expectans.

517 593 672 634 Valeat
703 592 775 647 pia
806 593 962 632 vestrae
1003 589 1252 631 sanctitatis
1283 587 1559 630 incolumitas
1590 588 1637 628 in
1670 587 1856 639 Christo,

458 665 534 703 etc.

517 730 626 771 Uum
659 728 816 770 dilecto
847 730 971 783 patre
1003 726 1137 768 fratre
1176 724 1369 766 Martino
1405 724 1624 766 Gardiano
1659 723 1853 774 Oxoniae,

456 797 704 852 cieterisque
745 796 955 837 fratribus
987 795 1149 836 ibidem
1180 793 1558 844 commorantibus,
1592 806 1670 847 ego
1703 792 1860 847 qualis-

456 880 625 920 cunque
657 868 847 906 vestram
880 878 956 918 per
990 862 1217 904 Christum
1249 876 1353 917 rogo
1387 860 1721 917 providentiam,
1757 874 1858 915 qua-

456 937 583 975 tenus
625 933 820 981 fratrum,
854 931 967 982 cleri,
1014 934 1058 972 et
1098 929 1259 986 populi,
1304 929 1359 971 ob
1402 929 1616 970 Divinum
1649 927 1856 969 honorem

457 1005 500 1042 et
546 1000 839 1041 ministerium
887 999 1079 1040 salutare
1122 997 1405 1053 suscipientes
1437 996 1712 1045 desiderium,
1747 996 1857 1037 ordi-

456 1084 560 1110 nare
596 1068 754 1116 velitis,
788 1070 839 1108 ut
869 1067 1005 1108 frater
1038 1066 1085 1108 G.
1111 1066 1165 1107 de
1208 1065 1298 1107 Sto.
1332 1065 1592 1106 Eadmundo
1625 1064 1858 1106 conventui

456 1137 642 1177 fratrum
666 1135 848 1177 Oxoniae
871 1135 1139 1183 restituatur,
1161 1133 1357 1175 litteram
1389 1148 1516 1188 super
1536 1132 1627 1184 hoc,
1651 1132 1686 1173 si
1707 1132 1858 1188 placet,

457 1205 706 1256 scribentes,
768 1204 860 1245 sine
937 1217 1068 1244 morte
1138 1201 1375 1258 dispendio.
1469 1201 1636 1242 Iterum
1712 1203 1756 1241 et
1814 1200 1860 1240 in

457 1277 670 1314 aeternum
711 1272 858 1313 valeat
899 1270 1200 1313 desiderabilis
1245 1273 1402 1312 vestrae
1446 1268 1736 1324 benignitatis
1783 1267 1861 1310 cle-

458 1341 630 1382 mentia.

1090 1465 1248 1510 CCIV.

458 1599 617 1645 Fratri
673 1601 741 1653 W„
787 1601 1007 1645 Ministro
1051 1602 1248 1657 Asnssslc'ec,
1306 1601 1467 1644 Frater
1513 1601 1623 1644 Aclct
1672 1600 1859 1643 salutem

579 1676 616 1713 et
654 1670 967 1713 {umclebitum
1009 1685 1149 1726 (luam
1203 1670 1405 1712 ‹lecotmn
1446 1669 1729 1712 humilitatis
1775 1669 1860 1711 obe-

579 1738 819 1782 clientium.

523 1845 668 1895 Doleo,
734 1844 794 1885 1111
857 1847 981 1900 pater
1043 1842 1387 1892 clementissime,
1453 1842 1569 1899 quod
1629 1842 1859 1900 parvitatis

463 1913 606 1969 [meae]
639 1913 795 1969 petitio
828 1914 1029 1954 effectum
1071 1927 1159 1954 non
1203 1916 1268 1954 est
1311 1915 1518 1963 assecuta,
1562 1912 1597 1953 si
1633 1912 1745 1953 ratio
1775 1925 1859 1952 non

462 1981 635 2022 obsistit
698 1980 930 2036 quominus
991 1981 1117 2022 fieret
1179 1981 1231 2022 (le
1286 1980 1507 2022 carissimo
1570 1980 1758 2036 Hugone
1810 1979 1858 2019 de

463 2049 655 2104 Lynslun
697 2049 751 2090 ad
792 2048 1140 2090 incolumitatem
1183 2049 1371 2104 corporis
1412 2051 1456 2089 et
1502 2048 1680 2104 spiritus
1721 2060 1859 2088 conso-

461 2116 680 2158 lationem.
755 2116 1099 2173 Verumptamen
1120 2116 1223 2158 licet
1253 2116 1407 2157 faciem
1440 2115 1628 2157 obducat
1659 2113 1858 2171 improbi-

461 2184 568 2225 tatis
599 2184 781 2239 repulsae
823 2188 986 2226 nutans
1027 2184 1300 2233 verecundia,
1344 2199 1466 2225 mens
1498 2184 1628 2225 avida
1658 2184 1857 2224 fraternae

461 2252 588 2307 pacis,
635 2252 745 2293 sicut
787 2267 895 2303 reor,
940 2267 1025 2293 non
1072 2255 1306 2294 cunctatur
1348 2267 1476 2308 super
1518 2252 1680 2293 eisdem
1723 2253 1856 2292 cartas

463 2319 640 2375 implere
684 2319 1020 2372 characteribus,
1065 2321 1203 2362 sciens
1246 2321 1363 2375 quod
1409 2319 1642 2376 prfestabit
1682 2321 1857 2375 paterna

461 2387 709 2443 benignitas
763 2402 859 2442 quae
911 2402 999 2429 non
1043 2389 1204 2430 meruit
1244 2388 1392 2429 filialis
1437 2387 1620 2429 devotio.
1684 2385 1769 2428 Hic
1798 2386 1858 2426 est

462 2470 562 2511 ergo
595 2454 902 2496 obsecrationis
949 2469 1055 2497 meze
1088 2456 1289 2505 calculus,
1320 2460 1372 2497 ut
1414 2456 1469 2497 ad
1501 2470 1679 2498 suavem
1709 2456 1856 2497 vestrae

461 2520 638 2578 pietatis
680 2524 976 2573 sanctitatem,
1020 2537 1117 2565 cum
1159 2524 1385 2566 accesserit
1427 2526 1692 2565 memoratus
1731 2522 1857 2563 frater

463 2589 608 2646 Hugo,
642 2591 710 2632 cui
742 2606 810 2632 me
841 2591 1129 2647 spiritualiter
1160 2592 1276 2634 inter
1306 2592 1511 2634 mortales
1542 2591 1683 2633 teneri
1714 2589 1852 2636 fateor,

461 2656 671 2715 exposito¹
722 2657 846 2700 vobis
883 2659 986 2700 viva
1028 2674 1132 2702 voce
1186 2675 1275 2702 suze
1318 2659 1626 2702 consolationis
1667 2654 1851 2706 articulo,

1036 2843 1043 2865 ¹
1070 2846 1226 2887 exposita,
1245 2845 1316 2879 MS.
