1905 3180
255 398 343 430 A.D.

220 445 380 474 1225-50-

276 2110 294 2126 ί)

194 2150 241 2181 Fr.
262 2131 381 2182 filber-

188 2201 239 2225 tus
252 2194 289 2224 of
301 2195 386 2226 Pisa.

188 2239 276 2270 A.D.
290 2241 393 2270 1230?

428 274 481 312 ,51
838 280 1021 313 111οΜΑο
1052 280 1113 312 DE
1144 281 1406 314 ECCLESTON.

422 399 576 441 fuisset
629 398 829 441 Minister
880 399 1055 456 Angliae
1110 399 1252 442 noluit
1303 399 1548 456 promoveri
1594 398 1642 441 in
1690 413 1826 441 sacer-

423 468 579 517 dotem,
613 468 864 524 priusquam
909 483 985 524 per
1026 468 1264 524 capitulum
1317 467 1583 524 provinciale
1624 482 1826 524 procura-

421 539 518 577 tum
576 535 730 577 fuisset
772 551 798 578 a
839 536 1028 592 capitulo
1065 537 1254 593 generali
1290 540 1341 578 ut
1381 536 1465 578 sibi
1506 536 1824 593 praeciperetur.

422 603 529 646 Tam
572 603 756 647 devotus
805 608 952 647 autem
1005 608 1098 647 erat
1148 605 1197 646 in
1249 603 1386 647 officio
1430 604 1592 655 divino,
1645 608 1696 646 ut
1736 619 1824 646 non

420 672 562 714 solum
599 673 646 714 in
675 673 808 715 missa
841 673 916 715 sed
947 673 1081 715 etiam
1123 673 1170 714 in
1212 673 1352 724 choro,
1392 676 1437 715 et
1474 688 1572 715 cum
1606 675 1717 715 esset
1748 687 1825 729 per

420 742 551 791 viam,
594 742 818 784 videretur
861 741 1067 784 continue
1109 741 1223 791 fiere,
1269 741 1333 783 ita
1383 744 1534 783 tamen
1575 741 1692 796 quod
1730 756 1824 797 per-

419 809 550 865 pendi
576 825 664 852 non
697 811 846 866 potuit
879 811 927 852 in
958 810 1156 866 strepitu,
1191 810 1263 852 vel
1293 810 1473 866 gemitu,
1508 809 1580 852 vel
1612 810 1823 851 deforma-

420 878 539 920 tione
572 879 732 920 vultus.
798 877 1001 920 Officium
1042 893 1211 934 quoque
1246 878 1419 920 dicebat
1452 892 1620 934 semper
1653 878 1820 928 stando,

421 950 464 987 et
520 947 677 988 acriter
728 947 968 1002 increpavit
1017 947 1194 988 fratrem
1254 946 1329 1002 qui
1380 946 1569 988 sedendo
1617 946 1733 988 dixit
1778 946 1825 987 in

420 1014 662 1056 minutione
709 1015 836 1056 horas
888 1030 995 1056 suas.
1082 1015 1194 1057 Cum
1246 1018 1391 1056 autem
1446 1014 1582 1056 sensit
1632 1017 1817 1056 mortem

419 1082 503 1123 sibi
555 1082 782 1125 imminere
844 1083 959 1124 dixit
1023 1083 1170 1124 Fratri
1223 1083 1353 1124 Petro
1397 1082 1451 1124 de
1498 1081 1823 1137 Theukesbury.

419 1151 486 1192 Tu
527 1151 608 1192 scis
650 1154 791 1193 totam
832 1151 1001 1202 ritmn3
1044 1154 1088 1193 et
1131 1166 1228 1192 011111
1271 1151 1433 1193 diceret
1477 1150 1632 1192 Frater
1668 1150 1824 1192 Petrus

422 1220 538 1274 quod
580 1219 696 1261 nonl
740 1220 882 1261 fuerat
924 1219 1007 1261 sibi
1048 1234 1243 1275 unquam
1290 1219 1555 1276 generaliter
1596 1218 1824 1270 confessus,

419 1288 635 1343 percussit
677 1291 809 1344 caput
852 1303 979 1329 suum
1023 1291 1067 1330 et
1122 1288 1288 1344 incepit
1334 1287 1559 1329 clamando
1600 1287 1816 1343 plangere,

419 1358 464 1396 et
504 1355 656 1397 statim
705 1371 802 1398 011111
856 1356 1048 1397 mirabili
1090 1356 1353 1398 contritione
1395 1359 1461 1397 est
1510 1355 1728 1397 confessus
1782 1355 1822 1397 01

418 1423 471 1463 (10
513 1426 610 1465 tota
651 1424 748 1465 vita
789 1439 876 1466 sua.
955 1424 1113 1465 Postea
1154 1424 1345 1466 evocatis
1380 1423 1591 1465 fratribus
1633 1422 1823 1465 absolvit

417 1505 497 1541 eos,
541 1495 585 1532 et
634 1507 731 1533 cum
785 1507 839 1534 ex
890 1495 1105 1548 praecepto
1160 1506 1236 1533 0110
1284 1491 1706 1533 commendationem
1753 1491 1822 1533 in·

417 1559 655 1611 choassent,
688 1560 780 1616 ipse
812 1559 896 1601 sibi
930 1575 1064 1601 manu
1093 1575 1170 1602 sua
1204 1560 1361 1602 clausit
1398 1559 1554 1611 0011100,
1590 1562 1636 1601 01
1667 1574 1822 1601 manus

417 1641 545 1682 super
575 1631 725 1683 pectus
757 1628 804 1669 in
836 1628 1013 1669 modum
1046 1628 1181 1670 0111010
1212 1627 1449 1670 collocavit.

477 1695 581 1736 Post
611 1696 772 1738 multos
805 1700 951 1738 autem
981 1693 1247 1746 ι1111100011111
1276 1700 1402 1738 nocte
1430 1696 1646 1738 haberent
1666 1695 1821 1739 fratres

417 1777 617 1805 amovere
654 1778 808 1820 corpus
843 1779 980 1814 suum,
1017 1779 1115 1806 cum
1152 1779 1202 1806 sc.
1241 1764 1559 1807 destruxissent
1599 1765 1817 1821 capellam,

416 1831 463 1872 in
505 1846 591 1886 qua
628 1845 770 1873 coram
813 1832 941 1874 altari
985 1835 1029 1874 et
1070 1833 1115 1873 in
1158 1832 1285 1874 choro
1318 1832 1513 1889 sepultus
1555 1835 1657 1882 erat,
1699 1833 1823 1875 inve-

416 1902 578 1940 nerimt
623 1900 851 1955 capsellam
883 1900 1132 1956 plumbeam
1176 1901 1221 1941 in
1255 1916 1341 1956 qua
1367 1900 1517 1956 jacuit,
1550 1901 1679 1942 simul
1721 1915 1818 1943 cum

415 1966 537 2017 fossa,
570 1967 742 2023 plenam
775 1969 867 2010 oleo
909 1969 1149 2024 purissimo,
1192 1968 1334 2024 ipsum
1365 1983 1469 2011 Vero
1503 1983 1656 2024 corpus
1690 1969 1819 2010 simul

417 2049 513 2075 cum
546 2036 817 2078 vestimentis
848 2037 1161 2093 incorruptum,
1195 2040 1239 2078 et
1271 2037 1525 2078 suavissime
1557 2037 1758 2079 redolere.

478 2102 623 2157 Igitur
657 2103 812 2146 Frater
849 2104 1011 2157 Helias,
1046 2108 1218 2161 recepto
1260 2105 1420 2147 nuncio
1468 2105 1583 2160 quod
1619 2108 1819 2147 mortuus

418 2174 510 2211 erat
542 2171 696 2213 Frater
731 2172 989 2228 Angnellus‚
1029 2173 1181 2214 statim
1223 2172 1490 2228 provinciale
1523 2172 1727 2228 sigillum,
1768 2173 1816 2214 in

416 2238 538 2293 cujus
579 2238 858 2294 impressione
896 2240 980 2281 fuit
1017 2255 1156 2296 agnus
1190 2255 1287 2282 cum
1325 2256 1459 2293 011100,
1504 2240 1670 2283 destrui
1702 2240 1815 2293 fecit,

415 2305 594 2362 indigne
646 2307 786 2349 ferens
833 2308 948 2362 quod
1002 2308 1157 2350 fratres
1208 2309 1374 2365 Anglia
1429 2308 1680 2350 ministrum
1733 2308 1817 2350 sibi

415 2374 506 2415 dari
538 2379 738 2430 peterent
774 2376 962 2431 aliquem
1000 2377 1286 2418 nominatum.
1350 2377 1480 2418 Unde
1513 2377 1600 2419 fere
1632 2392 1709 2433 per
1740 2392 1817 2418 an-

413 2457 519 2483 num
552 2443 805 2485 Ministrum
837 2444 897 2485 eis
933 2444 1109 2486 mittere
1146 2444 1347 2486 distulit:
1382 2445 1573 2496 tandem,
1612 2448 1816 2487 revocato

413 2511 601 2565 quodam
635 2526 762 2566 quem
798 2511 890 2567 jam
937 2512 1125 2564 miserat,
1170 2511 1401 2554 mandavit
1449 2512 1595 2554 Fratri
1628 2512 1814 2555 Alberto

413 2578 581 2630 Pisano,
633 2580 707 2634 qui
759 2579 902 2622 fuerat
957 2580 1156 2622 minister
1215 2580 1470 2636 Hungariae,
1527 2580 1813 2633 Alemanniae‚

413 2646 635 2697 Bononiae,
680 2648 884 2690 Marchiae
926 2648 1255 2699 Anchonitanae,
1303 2648 1535 2690 Marchiae²
1576 2648 1813 2691 Trevisinae

411 2717 455 2756 et
502 2715 676 2767 Tusciae,
739 2720 790 2758 ut
838 2717 1181 2772 proficisceretur
1229 2717 1275 2758 in
1318 2717 1519 2773 Anglam,
1562 2720 1606 2758 et
1650 2716 1812 2759 ibidem

453 2890 461 2911 ¹
480 2902 542 2925 om.
561 2893 647 2927 Cott.
1096 2893 1100 2938 Ι
1165 2894 1176 2914 ²
1201 2905 1263 2928 om.
1282 2894 1365 2928 Cott.
