1905 3180
637 264 871 297 EPISTOLAE.
1374 252 1455 299 :275

57 380 189 425 tentis
214 379 387 435 judicio,
442 380 638 423 Occurrit
672 380 877 437 quiddam
909 380 1067 422 arctius
1099 381 1344 422 eminentiae
1367 394 1458 421 ves-
1477 383 1680 434 Wapnshim

55 451 136 491 trae
165 448 564 498 commendandum,
595 449 696 491 licet
728 448 1104 505 magnanimitatis
1125 449 1182 489 sit
1206 452 1456 504 conceptum
1476 433 1637 512 5¹¹5ssssssssss

56 516 183 559 eorde
215 531 464 564 sermonem,
498 517 688 558 liberiori
720 517 933 565 audentia,
963 530 1051 557 non
1082 516 1232 558 habito
1264 531 1460 572 persona-
1478 522 1532 548 t00
1548 516 1680 560 openly.

55 598 151 625 rum
184 584 361 633 delectu,
394 587 596 640 patenter
625 584 821 640 proferre,
844 588 991 625 tamen
1022 583 1279 624 omnimodis
1311 599 1461 639 oppor-

55 654 212 694 tunum
243 655 309 694 est
339 652 616 708 magnanimo
658 652 774 693 intra
817 651 953 693 cordis
1000 651 1263 692 domicilium
1300 651 1460 706 linguae

54 722 197 762 motus
227 719 449 768 moderari,
482 735 535 761 ne
567 720 669 761 dum
710 718 1035 760 immoderatius
1079 721 1130 760 ut
1169 718 1276 759 libet
1312 719 1461 759 laxata

55 786 213 829 locutio
241 787 298 829 ad
342 787 546 829 offensam
576 790 792 843 provocat,
826 787 1054 843 magnifica
1084 787 1459 842 magnanimarum

57 855 270 897 virtutum
317 870 445 911 opera
481 856 827 911 praepediantur3
885 858 1060 911 propter
1109 855 1224 910 quod
1264 855 1327 896 ait
1376 855 1459 896 Dei

57 923 303 979 sapientia:
369 926 392 945 “
425 923 479 964 In
513 938 584 964 ore
615 923 832 965 fatuorum
866 938 937 965 cor
968 937 1126 973 eorum,
1166 926 1210 964 et
1247 923 1294 964 in
1335 924 1458 964 corde

57 996 79 1014 “
113 991 358 1046 sapientum
391 1005 437 1032 os
468 991 640 1032 illorum
667 1006 676 1042 ;
708 995 862 1047 &totum
895 991 1095 1046 spiritum
1126 1006 1250 1032 suum
1298 991 1459 1047 profert

59 1062 81 1082 “
113 1059 282 1109 stultus,
345 1059 513 1114 sapiens
578 1059 723 1100 differt
781 1063 824 1101 et
876 1062 1066 1100 reservat
1129 1059 1175 1099 in
1226 1062 1457 1114 posterum.

60 1132 82 1149 ‘⁴
115 1126 259 1169 Homo
312 1127 481 1182 sapiens
527 1127 690 1169 tacebit
746 1141 880 1183 usque
937 1127 992 1168 ad
1038 1130 1220 1182 tempus,
1274 1128 1458 1170 lascivus

58 1198 258 1237 “autem
304 1197 348 1237 et
393 1195 643 1250 imprudens
683 1208 770 1236 non
817 1194 1054 1236 servabunt
1085 1195 1298 1250 tempus.''
1375 1196 1460 1237 At-

58 1262 325 1305 tendendum
370 1276 539 1318 quoque
590 1276 678 1303 non
726 1262 916 1318 segniter
960 1265 1076 1317 puto,
1113 1263 1228 1317 quod
1275 1266 1367 1304 tam
1413 1265 1460 1304 in

59 1330 218 1372 divinis
260 1345 388 1386 quam
432 1330 478 1371 in
519 1330 718 1371 humanis
759 1330 915 1372 litteris
971 1330 1086 1371 inter
1126 1329 1341 1371 virtutum
1387 1345 1460 1372 ex-

59 1398 289 1450 cellentias,
364 1398 566 1453 loquendi
633 1397 954 1453 circumspectio
1016 1397 1284 1453 vigilantiori
1347 1413 1460 1440 com—

60 1466 334 1508 mendatione
364 1465 622 1521 praecipitur,
657 1480 753 1507 cum
785 1464 1114 1507 inconsideratio
1146 1467 1459 1508 sermocinandi

60 1534 292 1576 secundum
339 1533 563 1590 sapientiae
601 1533 852 1575 testimonia
897 1536 941 1574 et
983 1533 1233 1588 religionem
1266 1535 1458 1575 divinam

60 1606 104 1644 et
134 1602 369 1644 humanam
410 1601 769 1645 necessitudinem
812 1601 1092 1658 perniciosius
1138 1605 1328 1646 evertere
1368 1603 1459 1661 dig-

61 1669 264 1712 noscitur.

122 1737 248 1781 Circa
272 1736 430 1780 festum
456 1737 606 1780 Sancti
648 1737 775 1780 Lucae
813 1737 1127 1793 indignationis
1155 1739 1285 1796 regiae
1316 1743 1459 1781 motus
1478 1739 1548 1771 Has
1564 1738 1674 1770 ineur-

61 1807 231 1856 incurri‚
280 1810 330 1847 ut
376 1820 483 1855 reor,
516 1808 693 1861 propter
745 1805 878 1847 verba
920 1805 1034 1848 vitae.
1118 1806 1250 1848 Unde
1295 1822 1373 1849 nec
1404 1809 1458 1849 ad
1477 1784 1683 1868 ἷὲῑᾱῃὲξᾱῑς-

62 1873 337 1931 praesentiam
382 1873 544 1914 domini
588 1873 700 1928 regis
750 1876 826 1915 aut
864 1873 1026 1929 reginae
1066 1874 1173 1915 mihi
1204 1874 1266 1916 fas
1298 1879 1362 1917 est
1394 1891 1460 1917 ac·
1477 1871 1683 1932 Plssaffffl'esffl'

63 1943 240 1992 cedere;
290 1941 370 1982 fiat
412 1941 616 1982 voluntas
648 1941 835 1982 Domini.
912 1941 1043 1983 Mitto
1074 1942 1197 1983 vobis
1227 1944 1459 1999 transcrip-
1477 1925 1644 2001 ἓῃδρῖρῗὲἓ

63 2014 158 2052 tum
189 2010 434 2051 litterarum
466 2008 685 2063 papalium
713 2023 789 2064 pro
818 2009 1087 2050 lamentabili
1128 2010 1459 2065 depopulatione
1478 2005 1602 2079 (1)ῑῖιῇἓὸ

63 2077 253 2134 partium
300 2075 656 2117 Antiochensium
701 2076 874 2117 domino
908 2076 1156 2119 Cantuariae
1188 2078 1457 2129 directarum,
1479 2064 1556 2134 dizyi
1583 2092 1655 2123 Oct.

64 2146 100 2186 si
146 2144 255 2186 forte
302 2146 439 2185 tantae
501 2143 755 2185 hostilitatis
799 2144 1052 2185 vastitatem
1100 2145 1241 2187 Terrae
1290 2145 1461 2188 Sanctae
1482 2141 1533 2169 18'

64 2216 155 2255 tam
191 2211 423 2268 periculose
461 2211 769 2260 imminentem,
810 2214 887 2254 aut
920 2212 1045 2254 famae
1083 2213 1234 2255 relatio
1271 2218 1348 2256 aut
1379 2215 1463 2271 sig-

63 2281 183 2322 natio
214 2280 373 2322 litterae
416 2279 610 2320 nondum
652 2279 708 2320 ad
752 2294 828 2321 vos
875 2294 1009 2335 usque
1053 2280 1284 2333 detulerit3
1343 2286 1462 2323 tran-

65 2349 270 2404 scriptum
301 2347 431 2389 etiam
468 2347 629 2389 litterae
672 2347 780 2388 mihi
825 2362 850 2388 a
881 2348 1054 2389 domino
1108 2347 1355 2391 Cantuariae
1386 2365 1462 2405 pro

66 2419 303 2458 memorato
334 2414 510 2472 negotio
541 2415 820 2467 transmissae,
854 2416 921 2457 cui
965 2430 1043 2472 ego
1074 2416 1333 2459 litteratorie
1365 2433 1461 2460 cum

68 2487 230 2540 quanta
260 2483 379 2525 valui
410 2483 620 2528 instantia
658 2484 909 2539 supplicavi,
942 2487 993 2525 ut
1038 2498 1106 2525 me
1153 2499 1179 2526 a
1223 2490 1463 2527 memorata

68 2551 363 2594 commissione
389 2554 653 2602 exoneraret,
677 2554 721 2593 et
752 2551 871 2593 illam
902 2551 948 2592 in
979 2552 1165 2607 aliquem
1186 2554 1462 2608 praelatorum

69 2619 240 2675 Angliae
284 2618 533 2661 transferret
558 2634 566 2660 ε
630 2618 770 2671 mitto,
813 2620 1002 2674 inquam,
1035 2624 1315 2662 memoratam
1347 2622 1462 2662 litte-

63 2701 162 2740 ·ram
190 2686 297 2728 mihi
328 2686 545 2737 directam,
570 2689 621 2728 ut
645 2687 682 2728 si
713 2701 818 2742 opus
849 2686 979 2728 fuerit
1010 2701 1088 2743 ope
1120 2692 1263 2730 vestra
1292 2689 1464 2730 liberari

71 2753 370 2796 insufficientia
400 2768 496 2796 mea
526 2754 669 2796 valeat
699 2769 726 2795 a
755 2757 847 2795 tam
877 2754 1057 2796 molesto
1087 2756 1346 2810 gravamine.
1410 2757 1463 2796 In

73 2820 335 2864 confectione
366 2823 511 2863 autem
544 2821 820 2877 praesentium
869 2820 1007 2863 adhuc
1053 2821 1185 2877 ipsius
1215 2813 1462 2878 responsum.

75 2903 200 2945 super
229 2889 308 2931 hoc
339 2889 575 2944 expectavi.

1096 2957 1186 2997 s2
