1905 3180
676 254 911 286 EPIsToLAE.
1407 247 1487 286 101

99 383 312 411 cessorum
354 384 529 412 suorum
572 385 674 413 usus
731 376 811 425 est,
856 373 909 414 de
964 375 1116 415 caetero
1178 371 1214 413 si
1271 372 1491 428 jusseritis

98 451 374 492 nequaquam
406 452 574 491 usurus,
609 443 653 481 et
684 440 739 480 ad
770 444 930 482 nutum
963 440 1224 496 beneplaciti
1246 439 1382 482 vestri
1415 454 1492 480 suo

99 504 223 546 cedet
264 504 411 547 officio.
476 506 633 562 Siquid
671 508 901 562 quominus
932 509 1016 550 rite
1059 523 1134 563 per
1165 508 1308 563 ipsum
1351 521 1496 562 accep-

99 575 241 613 tatum
279 587 368 614 esse
402 574 669 626 censueritis,
706 576 823 631 quod
864 579 971 631 puto
1006 590 1095 617 non
1136 576 1297 626 fecerit,
1325 575 1411 616 nisi
1443 576 1495 615 de

99 640 399 682 multitudinis
441 656 626 693 assensu,
678 657 806 698 super
860 658 910 685 eo
964 647 1121 685 vestrae
1163 643 1299 684 stabit
1340 642 1496 683 volun-

99 708 206 749 tatis
247 709 440 750 arbitrio.
522 710 741 752 Concedat
779 711 994 752 Dominus
1037 711 1255 753 virtutum
1299 710 1496 765 episcopo

101 789 177 816 suo
235 776 287 817 de
341 776 554 819 universis
608 779 653 819 in
699 779 1024 834 tranquillitate
1059 779 1268 834 judicare,
1313 782 1358 819 et
1400 793 1497 819 cum

101 858 260 899 magna
296 845 543 886 reverentia
579 846 804 901 disponere
842 861 938 901 quae
980 847 1090 888 circa
1126 846 1357 901 subjectos,
1390 860 1497 900 pne-

101 912 248 952 sertim
290 912 358 953 his
400 912 553 954 diebus
596 914 948 966 damnatissimis,
993 929 1068 970 per
1110 914 1371 970 sapientiam
1404 913 1499 954 vin-

102 980 236 1021 cendo
278 980 509 1022 malitiami
542 982 587 1022 in
621 982 796 1024 Christo
839 997 1005 1039 semper
1042 985 1085 1024 et
1118 982 1370 1024 beatissima
1402 982 1499 1022 Vir-

101 1062 213 1103 gine.

161 1116 397 1171 Postquam
454 1118 650 1159 confecta
725 1118 890 1160 fuerint
952 1118 1194 1175 praesentia,
1258 1121 1496 1173 antequam

103 1184 392 1239 signarentur,
425 1186 565 1242 recepi
598 1186 794 1228 litteram
839 1187 1088 1229 sanctitatis
1130 1190 1288 1228 vestrae
1353 1185 1500 1226 Fratri

105 1252 295 1294 Radulfo
337 1257 381 1294 et
421 1254 529 1295 mihi
572 1254 795 1304 directam,
839 1255 968 1296 simul
1000 1269 1097 1296 cum
1130 1254 1315 1295 duarum
1357 1253 1501 1294 litter-

103 1335 225 1361 arum
257 1321 533 1377 transcriptis
574 1322 812 1377 papalium,
852 1326 897 1364 et
939 1322 1101 1365 litterae
1145 1337 1172 1363 a
1213 1321 1338 1362 vobis
1383 1320 1500 1361 Ead-

103 1388 250 1429 Wardo
283 1388 336 1429 de
358 1389 772 1432 Wesmnonasterio¹
809 1390 1038 1432 destinatae
1056 1407 1065 1441 3
1098 1389 1256 1445 quibus
1284 1388 1501 1444 inspectis,

102 1455 204 1497 licet
246 1456 298 1497 de
352 1456 567 1499 horrendo
623 1458 869 1499 animarum
913 1458 1080 1500 excidio
1123 1457 1246 1499 dolor
1298 1457 1503 1498 intolera-

102 1523 203 1565 bilis
263 1523 469 1565 nimirum
527 1525 808 1577 incuteretur,
872 1530 1022 1568 tamen
1080 1525 1288 1568 eximiam
1350 1524 1501 1580 gaudii

102 1591 304 1633 salutaris
335 1593 651 1634 exultationem
683 1594 838 1636 attulit
868 1593 1130 1643 affluentius,
1180 1593 1296 1648 quod
1327 1592 1381 1634 ob
1420 1592 1505 1633 sin-

102 1660 263 1716 gularis
330 1661 600 1703 excellentia}
663 1677 835 1703 causam
891 1677 1017 1704 omne
1077 1661 1289 1717 gaudium
1355 1660 1505 1701 existi-

103 1728 233 1769 matis
274 1729 321 1769 in
361 1729 505 1770 varias
544 1730 856 1785 temptationes
904 1730 1091 1772 incidere
1139 1729 1504 1784 qualiumcunque

103 1796 450 1845 tribulationum,
504 1797 653 1838 artiori
696 1798 1006 1853 amplectentes
1054 1797 1331 1852 jocunditate
1382 1795 1504 1836 illam

106 1863 433 1920 Omnipotentis
475 1865 736 1906 sententian]
767 1881 773 1905 :
832 1865 1002 1906 “Beati
1045 1864 1121 1919 qui
1158 1863 1500 1920 persecutionem

106 1938 128 1953 “
159 1932 391 1987 patiuntur
431 1936 608 1988 propter
650 1932 882 1988 justitiam,
927 1932 1031 1988 quia
1071 1932 1262 1988 ipsorum
1305 1934 1370 1972 est
1411 1945 1505 1986 reg-

108 2006 129 2021 “
160 2014 266 2040 num
307 2000 538 2041 coelorum:
594 2000 719 2041 Beati
751 2001 853 2041 estis
895 2015 992 2042 cum
1033 1999 1342 2041 maledixerint
1380 1998 1506 2040 ’vobis

107 2073 128 2090 ‘³
162 2068 357 2109 homines
392 2071 436 2109 et
472 2068 738 2124 persecuturi
769 2083 846 2110 vos
877 2068 1042 2110 fuerint
1074 2071 1119 2109 et
1150 2067 1346 2109 dixerint
1378 2081 1504 2108 omne

110 2142 129 2156 “
163 2136 325 2176 malum
367 2135 573 2177 adversus
607 2150 696 2188 vos,
729 2136 1001 2188 mentientes,
1034 2139 1212 2192 propter
1243 2150 1324 2177 me.
1391 2134 1506 2176 Gau-

108 2208 130 2225 “
163 2204 260 2245 dete
303 2207 347 2245 et
388 2204 584 2245 exultate
626 2204 727 2260 quia
769 2219 929 2246 merces
970 2208 1117 2246 vestra
1148 2203 1317 2259 copiosa
1358 2206 1424 2244 est
1460 2202 1507 2243 in

110 2278 132 2292 “
163 2272 289 2313 coelis.
352 2271 422 2313 Sic
464 2272 579 2313 enim
620 2273 835 2328 persecuti
878 2276 982 2314 sunt
1023 2270 1254 2328 prophetas
1305 2270 1376 2326 qui
1421 2270 1503 2312 fuc-

110 2345 131 2360 “
163 2343 268 2380 runt
301 2343 402 2381 ante
434 2339 546 2381 vos.''

168 2407 286 2458 Quid
342 2423 442 2463 ergo
495 2407 615 2450 aliud
668 2407 798 2450 faciet
842 2407 1048 2464 apostolis
1101 2407 1371 2449 substitutus
1413 2406 1505 2461 qui-

107 2475 188 2516 bus
220 2476 372 2516 mundi
404 2476 609 2517 Salvator
639 2477 731 2519 haec
762 2477 932 2518 locutus
969 2479 1066 2517 est?
1107 2475 1307 2517 Invictus
1338 2468 1505 2515 athleta

109 2542 199 2597 ejus
241 2543 316 2598 qui
357 2543 463 2585 vicit
512 2545 735 2596 mundum,
780 2542 944 2600 quum²
985 2547 1036 2585 ut
1078 2547 1254 2599 propter
1295 2551 1508 2584 summam

109 2611 260 2652 salutis
293 2612 587 2667 operationem
620 2613 789 2654 exultet
804 2612 820 2635 ³
852 2612 1070 2663 audacter,
1107 2614 1260 2667 pergat
1288 2611 1334 2651 in
1367 2620 1509 2651 occur·-

156 2753 164 2771 ¹
183 2752 231 2785 Of
250 2753 394 2784 Edward
410 2753 448 2784 of
461 2753 705 2793 VVestminster,
723 2764 775 2785 sce
865 2767 877 2784 ε
893 2763 914 2784 (ι
938 2781 940 2784 ⁴
1062 2778 1067 2785 .
1155 2765 1157 2767 ¹

111 2803 256 2846 Hardy's
282 2805 513 2837 Introduction
538 2811 571 2837 to
597 2806 651 2837 the
680 2806 776 2838 Close
894 2788 953 2818 ‘Im'
972 2787 1127 2853 qpuomam'

112 2857 215 2896 Bolis,
233 2868 262 2898 p.
282 2861 335 2896 45,
354 2858 409 2889 sol.
532 2862 536 2865 '
867 2850 877 2867 ³
894 2849 1026 2881 evultat.
1043 2849 1116 2880 MS.
