1905 3180
360 278 446 321 614
858 275 1093 309 APPENDIX
1127 271 1220 303 XIV.

364 410 493 452 maris
515 404 707 463 pericula
738 404 776 443 ei
809 402 863 443 ad
887 413 1074 456 praesens
1097 397 1272 438 mittere
1293 409 1382 436 non
1404 392 1621 444 duximus,
1636 392 1771 447 juxta

364 478 568 520 fiduciam
591 487 722 529 quam
744 471 797 512 de
820 469 943 511 vobis
964 470 1248 523 rep01·tamUS‚
1272 463 1327 504 ad
1349 461 1606 503 mandatum
1637 461 1770 516 ipsius

365 544 567 592 ministri,
603 555 708 582 XXX.
742 552 908 580 marcas
939 535 1100 576 habere
1132 531 1305 574 faciatis
1337 531 1389 571 de
1421 529 1630 585 praestito,
1653 531 1770 570 certo

368 612 526 654 nuncio
558 609 750 665 ejusdem
795 604 985 646 ministri
1021 603 1099 643 has
1129 601 1300 641 litteras
1350 600 1522 639 nostras
1563 596 1773 638 deferenti

370 695 459 723 una
510 693 609 720 cum
656 674 818 717 litteris
870 671 1006 728 ipsius
1037 668 1232 710 ministri
1262 665 1527 722 patentibus
1605 664 1664 705 Et
1695 677 1772 705 nos

371 746 595 804 pecrmiam
639 744 759 784 illam
802 742 847 782 in
890 738 1052 794 Anglia
1083 737 1139 778 ad
1173 734 1431 777 scaccarium
1474 732 1554 774 Sti.
1598 732 1771 783 Hilarii,

372 831 496 864 anno,
532 815 604 856 &e
639 825 743 853 XXX.
782 808 908 850 vobis
929 807 999 847 vel
1023 808 1140 846 certo
1172 803 1331 844 nuncio
1363 805 1522 850 vestre,
1556 814 1685 855 quem
1718 800 1773 841 ad

373 898 451 925 nos
493 880 678 922 mittetis
709 892 806 919 cum
838 876 905 916 his
942 873 1103 915 litteris
1144 871 1314 919 nostris,
1344 884 1432 910 una
1472 882 1570 910 cum
1616 867 1775 909 litteris

374 949 572 1007 praedicti
592 945 782 988 ministri
804 939 1150 999 protestantibus
1165 938 1281 994 quod
1295 952 1389 979 eam
1411 937 1451 978 ei
1473 935 1775 985 liberaveritis,

373 1018 482 1060 solvi
516 1016 721 1057 faciemus
752 1027 849 1054 cum
881 1010 1120 1052 multarum
1153 1007 1396 1063 gratiarum
1433 1005 1613 1046 actione.

436 1085 564 1126 Teste
590 1097 701 1139 rege,
738 1080 855 1136 apud
887 1077 1030 1119 Wind.
1062 1076 1151 1118 xvi.
1183 1066 1253 1116 die
1284 1072 1459 1129 Aprilis.

1017 1400 1113 1442 XV.

379 1531 419 1575 A
445 1531 628 1585 P‘recept
661 1533 702 1571 to
733 1528 800 1571 the
820 1524 990 1582 Slwrszjff
1015 1531 1056 1569 to
1077 1530 1218 1568 <mest
1239 1523 1456 1580 Apostate
1487 1522 1662 1573 Frmrs,
1685 1522 1783 1565 (md

498 1608 679 1652 commit
711 1607 827 1650 them
858 1612 900 1650 to
930 1605 1103 1650 Prison
1133 1609 1180 1648 (ιό
1211 1604 1278 1648 the
1302 1602 1554 1647 Oommcmd
1590 1603 1639 1659 of
1670 1601 1783 1645 their

498 1686 752 1744 Superiora

758 1801 870 1856 (Pat.
905 1802 961 1843 33
996 1799 1108 1842 Hen.
1144 1798 1230 1841 III.
1264 1814 1318 1840 111.
1354 1799 1408 1852 3.)

383 1918 466 1960 Pro
500 1916 730 1959 Fratribus
822 1916 919 1958 Rex
948 1915 1151 1957 omnibus
1183 1914 1358 1956 ballivis
1389 1917 1434 1956 et
1465 1913 1667 1956 fidelibus
1698 1913 1786 1955 suis

443 1985 675 2027 Minorum.
865 1983 1060 2025 salutem.
1167 1982 1428 2024 Mandamus
1486 1982 1622 2033 vobis,
1671 1981 1786 2037 quod

383 2068 532 2095 omnes
553 2052 662 2101 illos,
686 2052 775 2093 sive
808 2051 982 2093 clericos
1005 2051 1096 2092 sive
1117 2050 1261 2102 laicos,
1285 2064 1392 2105 quos
1413 2049 1568 2092 fratres
1600 2050 1787 2091 minores

384 2121 511 2163 vobis
556 2120 709 2161 testati
750 2118 917 2161 fuerint
961 2133 1052 2160 esse
1096 2118 1260 2160 ordinis
1304 2118 1371 2159 sui
1412 2121 1645 2173 apostatas,
1690 2131 1788 2159 cum

385 2203 512 2243 super
542 2188 623 2229 1100
654 2186 710 2228 ab
740 2187 900 2228 eisdem
930 2186 1141 2227 fratribus
1170 2185 1369 2241 requisiti
1397 2185 1578 2235 fueritis,
1610 2185 1790 2241 capiatis

386 2259 431 2297 et
462 2254 692 2296 detineatis
735 2257 884 2310 captos
927 2254 1052 2309 ipsos,
1098 2254 1333 2294 secundum
1375 2253 1491 2308 quod
1522 2253 1605 2309 ipsi
1635 2252 1788 2294 fratres

389 2322 658 2364 decreverint
701 2321 942 2371 tractando,
981 2324 1025 2363 et
1069 2321 1103 2362 si
1152 2321 1370 2363 voluerint
1415 2321 1529 2376 ipsos
1569 2323 1790 2376 apostatas

389 2390 544 2432 carceri
603 2392 751 2431 nostro
810 2388 1112 2444 mancipando,
1173 2388 1244 2429 vel
1296 2389 1421 2444 ipsos,
1474 2389 1509 2429 si
1561 2388 1788 2430 memorati

389 2457 543 2498 fratres
574 2456 819 2507 maluerint,
853 2456 1013 2497 eisdem
1045 2455 1253 2498 fratribus
1283 2456 1485 2498 liberetis.
1569 2456 1623 2497 In
1669 2455 1790 2511 cujus

389 2524 697 2572 testimonium,
730 2522 798 2565 810.

452 2591 578 2633 Teste
613 2590 660 2631 R.
694 2590 810 2646 apud
843 2589 986 2631 Wind.
1020 2590 1060 2630 ii.
1095 2589 1163 2632 die
1197 2589 1289 2632 Oet.
