1905 3180
619 262 852 292 Ems'romz.
1344 251 1390 288 41
1404 250 1428 289 3

613 479 847 521 COXLVI.

38 591 194 635 Fratri
224 624 233 634 .
265 624 273 633 .
306 589 331 633 ‚¹
361 591 562 641 salutem,
588 595 625 631 et
649 595 747 644 post
769 590 981 645 temporis
1011 605 1198 633 czwszmn
1221 590 1432 633 bravium

591 656 867 699 (eternitatis.

97 772 422 813 Amabilissima
467 770 662 812 caritatis
713 774 870 812 vestrae
922 770 1082 820 littera,
1126 785 1255 825 quam
1296 785 1434 825 nuper
1453 766 1485 796 A
1502 765 1596 840 lettler
1612 765 1649 796 of

40 840 146 882 mihi
181 840 317 881 vestri
357 839 504 894 gratia
540 839 841 879 transmittere
882 838 1094 887 voluistis
1133 839 1276 879 saucio
1317 838 1434 879 cordi
1453 819 1553 885 {2¹5⁰
1567 819 1599 840 a-

42 907 345 962 compassionis
381 907 518 947 telum
554 906 714 946 infixit.
779 906 864 947 Sed
901 909 1237 961 quantacunque
1274 906 1332 946 sit
1367 905 1436 946 vis

41 974 290 1025 anxietatis,
333 973 436 1028 quia
467 987 556 1015 non
603 973 911 1014 contristamur
946 974 1058 1014 sicut
1095 978 1138 1015 et
1174 973 1318 1015 caeteri
1361 973 1436 1027 qui

43 1056 160 1098 spem
196 1056 285 1082 non
321 1041 497 1092 habent,
534 1041 625 1082 vim
662 1041 820 1082 doloris
855 1041 1033 1097 mitigat
1066 1041 1230 1083 divinae
1264 1041 1436 1096 dispen-

41 1108 219 1150 sationis
240 1109 313 1164 pia
342 1108 588 1159 consolatio,
612 1123 709 1163 quae
731 1109 924 1164 flagellat
952 1123 1123 1150 omnem
1144 1109 1285 1149 filium
1308 1123 1436 1163 quem

44 1176 224 1232 recipit3
259 1179 437 1231 propter
469 1176 585 1231 quod
618 1175 920 1218 indubitanter
955 1177 1136 1226 confido,
1174 1177 1289 1231 quod
1324 1190 1439 1217 acer-

44 1243 140 1286 bior
181 1243 450 1285 examinatio
493 1243 713 1285 diuturnae
759 1243 1024 1285 valetudinis
1065 1247 1109 1285 et
1149 1243 1346 1298 expiavit
1386 1246 1438 1284 ut

46 1312 103 1353 sit
142 1326 263 1367 pura,
301 1314 346 1352 et
379 1310 649 1352 illuminavit
685 1314 736 1352 ut
772 1311 829 1352 sit
865 1311 989 1360 clara,
1025 1314 1069 1352 et
1105 1311 1360 1352 sublimavit
1388 1313 1440 1350 ut

45 1379 102 1420 sit
142 1381 303 1428 sancta,
345 1378 462 1434 piam
504 1378 706 1428 animam,
751 1393 847 1433 quae
893 1393 982 1420 non
1024 1378 1189 1419 dudum
1236 1377 1440 1433 flagravit

47 1446 258 1489 desiderio
286 1446 343 1487 ad
368 1446 596 1502 jucundas,
627 1446 683 1487 ad
707 1446 954 1497 luminosas,
976 1446 1031 1486 ad
1060 1446 1248 1487 excelsas
1281 1445 1441 1486 divini-

47 1517 117 1556 tus
157 1514 449 1569 suscipiendas
479 1514 734 1555 mansiones.
799 1513 910 1555 Cum
962 1517 1128 1568 quanta
1169 1513 1441 1555 exultatione

47 1585 429 1638 quantumcunque
461 1581 760 1636 temporaliter
787 1581 971 1632 afflictis,
1004 1581 1113 1622 illud
1142 1582 1198 1622 ad
1233 1584 1442 1623 aeternam

49 1648 234 1690 occurrit
255 1648 606 1700 consolationem,
632 1649 749 1704 quod
776 1649 987 1704 scriptum
1016 1652 1106 1690 est:
1135 1653 1158 1671 “
1176 1649 1273 1690 Hoc
1294 1652 1442 1690 autem

0 1755 1 1767 ,
52 1720 74 1740 “
103 1731 178 1772 pro
211 1719 328 1758 certo
358 1716 491 1757 habet
524 1716 674 1766 omnis,
711 1717 786 1771 qui
828 1716 930 1758 colit
958 1716 1029 1768 Te,
1068 1717 1172 1771 quia
1206 1717 1303 1757 vita
1340 1717 1443 1771 ejus,

0 1777 1 1784 ¹
52 1789 75 1807 “
105 1785 142 1826 si
181 1785 228 1825 in
257 1784 513 1839 probatione
543 1784 687 1833 fuerit,
720 1784 1012 1835 coronabitur,
1045 1784 1081 1824 si
1112 1787 1260 1825 autem
1288 1784 1335 1824 in
1364 1783 1444 1824 tri-

55 1856 76 1874 “
105 1852 328 1893 bulatione
379 1852 511 1893 fuerit
561 1851 833 1902 liberabitur,
887 1854 930 1892 et
983 1851 1019 1892 si
1071 1851 1118 1892 in
1175 1851 1443 1906 correptione

54 1923 74 1942 “
103 1919 234 1961 fuerit
274 1920 330 1960 ad
372 1919 711 1960 misericordiam
753 1918 903 1960 licebit
946 1918 1106 1961 venire.
1177 1918 1279 1959 Non
1327 1919 1443 1960 enim

54 1989 77 2009 ‘⁶
107 1987 331 2028 delectaris
364 1987 410 2027 in
443 1986 761 2042 perditionibus
793 1986 964 2035 nostris,
1001 1986 1103 2041 quia
1130 1989 1228 2041 post
1260 1988 1445 2040 tempes—

56 2057 245 2096 “tatem
286 2054 573 2109 tranquillum
619 2053 735 2105 facis,
778 2057 821 2095 et
862 2056 960 2109 post
1005 2053 1348 2095 lacrimat-,ionem
1401 2056 1445 2094 et

54 2125 78 2144 “
107 2122 259 2163 fletum
284 2122 600 2163 exultationem
624 2121 827 2162 infundis.
882 2121 951 2162 Sit
978 2135 1135 2162 nomen
1163 2124 1302 2170 tuum,
1326 2121 1446 2161 Deus

8 2194 10 2198 ⁴
55 2193 79 2212 “
109 2189 254 2239 Israel,
286 2189 564 2231 benedictum
597 2189 645 2229 in
677 2188 869 2230 saecula.”
929 2189 1062 2229 Absit
1097 2204 1123 2229 a
1158 2203 1226 2230 me
1263 2191 1315 2229 ut
1345 2203 1447 2244 erga

10 2293 12 2302 χ
57 2257 352 2298 suavissimam
386 2260 544 2299 vestrae
576 2256 865 2312 benignitatis
896 2256 1169 2297 affectionem
1204 2256 1446 2311 qualiscun-

12 2355 13 2360 ,
58 2338 138 2378 que
173 2325 406 2380 parvitatis
442 2339 549 2366 meze
586 2324 772 2374 devotio,
807 2339 903 2379 quae
936 2324 1062 2365 vobis
1095 2324 1211 2366 inter
1242 2325 1447 2366 mortales

14 2445 16 2459 ‹
58 2405 134 2432 nec
171 2391 388 2433 immerito
438 2392 683 2447 specialiter
724 2392 959 2433 confitetur
999 2392 1246 2443 obnoxiam,
1282 2392 1448 2447 aliqua-

58 2459 181 2499 tenus
216 2462 293 2500 aut
328 2459 500 2500 minuat
540 2459 671 2500 fidem
702 2460 861 2500 amoris
892 2462 970 2500 aut
1001 2459 1210 2500 orationis
1243 2459 1448 2500 affectum

16 2520 17 2524 ¹
58 2525 263 2567 remittat.
323 2527 552 2581 Numquid
584 2541 672 2568 non
709 2527 842 2568 Illum
877 2527 999 2582 cujus
1030 2527 1077 2567 in
1107 2527 1257 2568 littera
1297 2528 1450 2568 memi—

58 2590 182 2633 nistis
211 2593 380 2648 justum
416 2593 679 2635 formidandi
712 2594 925 2635 examinis
961 2608 1176 2649 pavorem,
1219 2594 1342 2649 pium
1367 2594 1447 2635 cle-

621 2804 629 2824 ¹
647 2804 758 2836 Blank
773 2803 808 2836 in
824 2803 898 2836 MS.
