1905 3180
435 249 520 289 622
940 256 1171 287 APPENDIX
1210 255 1335 287 xxiv.

435 376 586 414 contra
626 371 931 413 inhibitionem
985 373 1177 411 nostram
1216 369 1450 411 intulerint
1505 371 1596 410 tam
1638 369 1832 425 graviter

436 441 663 496 capiemus,
708 438 824 493 quod
857 437 1050 479 sentiant
1092 453 1135 479 se
1172 452 1260 478 non
1301 437 1577 479 mediocriter
1616 440 1830 493 gravatos.

436 508 491 548 In
523 507 654 561 cujus,
689 507 760 548 &c

495 575 622 616 Teste
652 588 762 629 rege,
797 574 913 629 apud
944 573 1144 615 Westmr.
1177 587 1250 614 XX.
1273 572 1341 614 die
1374 572 1403 613 J
1408 572 1496 613 ulii.

1072 868 1209 909 XXV.

449 999 543 1041 Pro
577 999 815 1041 Abbatissa
850 1004 887 1041 et
921 999 1163 1042 Sororibus
1196 999 1249 1040 M
1255 997 1467 1041 inmissis
1503 1003 1627 1041 extra
1663 998 1832 1054 Alyate.

835 1134 944 1189 (Pat.
980 1136 1035 1175 22
1070 1134 1190 1176 Edw.
1226 1134 1259 1175 I.
1293 1149 1346 1177 111.
1383 1136 1436 1190 2.)

495 1260 591 1302 Rex
624 1260 826 1302 omnibus
858 1261 913 1301 ad
946 1276 1064 1315 quos,
1099 1261 1182 1312 816,
1216 1261 1410 1302 salutem.
1476 1260 1597 1301 Licet
1629 1259 1681 1300 de
1723 1273 1835 1300 com—

434 1329 556 1369 muni
588 1329 764 1370 consilio
796 1330 917 1384 regni
949 1329 1087 1370 nostri
1119 1329 1413 1377 statuerimus,
1441 1328 1557 1383 quod
1588 1341 1677 1368 non
1707 1326 1835 1368 liceat

433 1396 539 1436 viris
580 1396 791 1451 religiosis
838 1411 913 1437 seu
945 1396 1042 1437 aliis
1094 1396 1263 1451 ingredi
1315 1396 1489 1437 feodum
1536 1394 1727 1449 alicujus,
1772 1394 1836 1435 ita

435 1463 549 1517 quod
580 1464 635 1504 ad
668 1467 884 1505 mortuam
916 1478 1093 1504 manum
1127 1463 1343 1515 deveniat,
1366 1464 1456 1505 sine
1486 1463 1663 1504 licentia
1690 1464 1837 1504 nostra

435 1534 479 1571 et
511 1531 708 1586 capitalis
741 1532 917 1579 domini,
942 1532 995 1572 de
1028 1546 1113 1585 quo
1139 1546 1206 1572 res
1238 1531 1314 1572 illa
1350 1531 1602 1572 immediate
1634 1533 1833 1579 tenetur3

435 1599 632 1640 volentes
664 1602 811 1640 tamen
854 1599 1086 1640 Edmundo
1118 1599 1245 1639 fratri
1289 1601 1437 1640 nostro
1480 1597 1698 1640 carissimo
1741 1612 1836 1652 gra-

434 1666 542 1706 tiam
574 1666 710 1707 facere
732 1667 972 1721 specialem,
996 1666 1194 1707 dedimus
1226 1666 1265 1707 ei
1298 1666 1520 1707 licentiam
1554 1669 1767 1720 quantum
1789 1664 1835 1705 in

435 1733 559 1774 nobis
591 1737 656 1775 est
688 1734 802 1788 quod
834 1733 925 1788 ipse
957 1749 1093 1774 unum
1125 1737 1436 1785 tenementum,
1471 1734 1586 1789 quod
1614 1733 1746 1774 habet
1782 1747 1836 1773 ex

436 1802 684 1842 dimissione
734 1801 911 1842 Willmi.
958 1802 1161 1843 allictarii
1208 1801 1287 1842 filii
1341 1801 1571 1857 Reginaldi
1618 1801 1835 1856 quondam

434 1869 692 1924 tegulatoris
734 1870 780 1910 in
824 1869 1032 1910 suburbio
1078 1869 1327 1920 Londoniae,
1366 1884 1501 1910 unum
1538 1871 1835 1910 tenementum

435 1937 550 1991 quod
602 1936 736 1978 habet
787 1951 841 1978 ex
890 1937 1141 1978 dimissione
1205 1936 1391 1977 Galfridi
1442 1937 1480 1977 le
1548 1936 1742 1978 Coureur
1793 1939 1837 1977 et

437 2005 641 2046 Odiernae
673 2005 824 2046 uxoris
869 2005 962 2059 ejus
1004 2005 1050 2044 in
1092 2005 1242 2045 eodem
1287 2005 1506 2056 suburbio,
1539 2019 1676 2046 unum
1719 2007 1837 2045 tene-

434 2075 631 2113 mentum
655 2073 769 2127 quod
800 2071 932 2113 habet
965 2087 1018 2113 ex
1051 2072 1298 2114 dimissione
1325 2072 1501 2113 Willmi.
1535 2072 1587 2114 de
1613 2071 1836 2114 Waltham

435 2143 479 2181 et
511 2139 659 2181 Elenae
686 2140 836 2181 uxoris
863 2140 955 2195 ejus
984 2140 1029 2180 in
1056 2140 1204 2181 eodem
1230 2140 1449 2191 suburbio,
1477 2155 1608 2181 unam
1644 2140 1835 2195 placeam

435 2212 574 2257 terrae,
610 2222 741 2262 quam
763 2208 897 2249 habet
929 2222 982 2248 ex
1006 2207 1256 2249 dimissione
1279 2208 1390 2249 Adae
1412 2208 1451 2249 le
1474 2207 1762 2264 NVyndrawer
1792 2211 1835 2249 et

436 2274 590 2317 Aliciae
622 2275 772 2316 uxoris
818 2275 910 2330 ejus
947 2276 993 2315 in
1036 2275 1185 2316 eodem
1233 2275 1450 2327 suburbio,
1482 2290 1614 2316 unam
1646 2275 1835 2331 placeam

436 2346 565 2383 terrae
598 2357 729 2397 quam
763 2343 897 2384 habet
928 2357 983 2383 ex
1026 2342 1275 2383 dimissione
1309 2343 1552 2384 Solomonis
1588 2343 1627 2385 le
1660 2343 1836 2399 Tuyller

437 2414 481 2450 et
508 2410 673 2464 Elyciae
695 2410 844 2450 uxoris
866 2410 957 2464 ejus
989 2410 1035 2450 in
1068 2410 1218 2450 eodem
1243 2411 1463 2462 suburbio,
1485 2425 1616 2452 unam
1648 2411 1836 2466 placeam

438 2480 565 2518 terrae
599 2491 728 2531 quam
766 2477 899 2517 habet
944 2492 997 2517 ex
1046 2477 1293 2519 dimissione
1332 2478 1518 2519 Galfridi
1551 2478 1603 2519 de
1636 2477 1837 2519 Hundes-

440 2544 559 2585 ditch
584 2544 826 2585 executoris
849 2544 1100 2585 testamenti
1121 2543 1298 2587 Thomae
1320 2546 1371 2587 de
1394 2546 1435 2586 la
1458 2545 1577 2586 More
1608 2545 1655 2586 in
1687 2545 1835 2586 eodem

438 2611 659 2662 suburbio,
687 2625 819 2652 unam
842 2611 1033 2666 placeam
1056 2615 1183 2656 terrae
1206 2628 1335 2668 quam
1358 2613 1490 2654 habet
1512 2627 1566 2653 ex
1588 2613 1834 2654 dimissione

442 2679 471 2720 J
477 2679 662 2721 channae
712 2678 953 2720 Goldcorne
1013 2680 1059 2720 in
1106 2682 1254 2723 eodem
1297 2680 1517 2729 suburbio,
1565 2683 1609 2721 et
1654 2678 1835 2735 triginta

441 2746 626 2788 libratas
672 2747 868 2788 redditus
926 2761 1032 2801 quas
1083 2748 1216 2790 habet
1259 2763 1311 2790 ex
1364 2747 1610 2789 dimissione
1659 2747 1837 2789 Hemici

437 2814 476 2855 le
523 2814 700 2869 Waleys
748 2814 793 2854 in
824 2814 992 2855 venella
1035 2815 1112 2857 Sti.
1152 2815 1378 2857 Laurentii
1418 2816 1549 2871 juxta
1580 2815 1832 2870 Westchepe
