<?xml version="1.0" encoding="UTF-8"?>
<!DOCTYPE html PUBLIC "-//W3C//DTD XHTML 1.0 Transitional//EN"
    "http://www.w3.org/TR/xhtml1/DTD/xhtml1-transitional.dtd">
<html xmlns="http://www.w3.org/1999/xhtml" xml:lang="en" lang="en">
 <head>
  <title>
</title>
<meta http-equiv="Content-Type" content="text/html;charset=utf-8" />
  <meta name='ocr-system' content='tesseract 3.04.00' />
  <meta name='ocr-capabilities' content='ocr_page ocr_carea ocr_par ocr_line ocrx_word'/>
</head>
<body>
  <div class='ocr_page' id='page_1' title='image "./monumentafrancis01thom_0184.png"; bbox 0 0 1905 3180; ppageno 0'>
   <div class='ocr_carea' id='block_1_1' title="bbox 169 392 327 469">
    <p class='ocr_par' dir='ltr' id='par_1_1' title="bbox 169 392 327 469">
     <span class='ocr_line' id='line_1_1' title="bbox 202 392 291 423; baseline 0 0"><span class='ocrx_word' id='word_1_1' title='bbox 202 392 291 423; x_wconf 71' lang='lat' dir='ltr'>AD.</span> 
     </span>
     <span class='ocr_line' id='line_1_2' title="bbox 169 440 327 469; baseline 0.006 -1"><span class='ocrx_word' id='word_1_2' title='bbox 169 440 327 469; x_wconf 80' lang='lat'>1225-50.</span> 
     </span>
    </p>
   </div>
   <div class='ocr_carea' id='block_1_2' title="bbox 375 263 1360 302">
    <p class='ocr_par' dir='ltr' id='par_1_2' title="bbox 375 263 1360 302">
     <span class='ocr_line' id='line_1_3' title="bbox 375 263 1360 302; baseline -0.003 0"><span class='ocrx_word' id='word_1_3' title='bbox 375 263 430 302; x_wconf 77' lang='grc'>28</span> <span class='ocrx_word' id='word_1_4' title='bbox 792 269 974 300; x_wconf 68' lang='lat' dir='ltr'>&#39;rnoims</span> <span class='ocrx_word' id='word_1_5' title='bbox 1005 270 1067 300; x_wconf 74' lang='lat' dir='ltr'>Dr:</span> <span class='ocrx_word' id='word_1_6' title='bbox 1099 269 1360 300; x_wconf 79' lang='lat' dir='ltr'>ECCLESTON.</span> 
     </span>
    </p>
   </div>
   <div class='ocr_carea' id='block_1_3' title="bbox 360 385 1781 2487">
    <p class='ocr_par' dir='ltr' id='par_1_3' title="bbox 360 385 1781 2487">
     <span class='ocr_line' id='line_1_4' title="bbox 370 385 1777 444; baseline 0.001 -16"><span class='ocrx_word' id='word_1_7' title='bbox 370 387 582 444; x_wconf 84' lang='lat' dir='ltr'>praecipue</span> <span class='ocrx_word' id='word_1_8' title='bbox 626 386 772 443; x_wconf 81' lang='lat' dir='ltr'>viguit</span> <span class='ocrx_word' id='word_1_9' title='bbox 818 385 1072 443; x_wconf 84' lang='lat' dir='ltr'>primitiva¹</span> <span class='ocrx_word' id='word_1_10' title='bbox 1109 386 1365 443; x_wconf 81' lang='lat' dir='ltr'>simplicitas</span> <span class='ocrx_word' id='word_1_11' title='bbox 1386 402 1396 439; x_wconf 87' lang='lat'>;</span> <span class='ocrx_word' id='word_1_12' title='bbox 1450 401 1552 428; x_wconf 85' lang='lat' dir='ltr'>nam</span> <span class='ocrx_word' id='word_1_13' title='bbox 1584 389 1629 428; x_wconf 88' lang='lat' dir='ltr'>et</span> <span class='ocrx_word' id='word_1_14' title='bbox 1675 387 1777 443; x_wconf 87' lang='lat' dir='ltr'>ipse,</span> 
     </span>
     <span class='ocr_line' id='line_1_5' title="bbox 369 454 1778 511; baseline 0 -14"><span class='ocrx_word' id='word_1_15' title='bbox 369 469 544 511; x_wconf 88' lang='lat' dir='ltr'>corpore</span> <span class='ocrx_word' id='word_1_16' title='bbox 567 454 742 510; x_wconf 89' lang='lat' dir='ltr'>quidem</span> <span class='ocrx_word' id='word_1_17' title='bbox 775 454 969 511; x_wconf 59' lang='lat' dir='ltr'>pusillus</span> <span class='ocrx_word' id='word_1_18' title='bbox 992 454 1067 496; x_wconf 86' lang='lat' dir='ltr'>sed</span> <span class='ocrx_word' id='word_1_19' title='bbox 1099 454 1226 497; x_wconf 87' lang='lat' dir='ltr'>corde</span> <span class='ocrx_word' id='word_1_20' title='bbox 1258 454 1574 511; x_wconf 78' lang='lat' dir='ltr'>magnanimus,</span> <span class='ocrx_word' id='word_1_21' title='bbox 1598 470 1778 498; x_wconf 77' lang='lat' dir='ltr'>summae</span> 
     </span>
     <span class='ocr_line' id='line_1_6' title="bbox 367 522 1781 579; baseline 0 -15"><span class='ocrx_word' id='word_1_22' title='bbox 367 523 643 579; x_wconf 70' lang='lat' dir='ltr'>simplicitati</span> <span class='ocrx_word' id='word_1_23' title='bbox 670 537 838 579; x_wconf 78' lang='lat' dir='ltr'>semper</span> <span class='ocrx_word' id='word_1_24' title='bbox 866 522 1051 575; x_wconf 86' lang='lat' dir='ltr'>studuit,</span> <span class='ocrx_word' id='word_1_25' title='bbox 1082 526 1128 565; x_wconf 89' lang='lat' dir='ltr'>et</span> <span class='ocrx_word' id='word_1_26' title='bbox 1156 522 1301 578; x_wconf 89' lang='lat' dir='ltr'>plures</span> <span class='ocrx_word' id='word_1_27' title='bbox 1330 523 1547 579; x_wconf 76' lang='lat' dir='ltr'>simplices</span> <span class='ocrx_word' id='word_1_28' title='bbox 1578 523 1635 564; x_wconf 89' lang='lat' dir='ltr'>ad</span> <span class='ocrx_word' id='word_1_29' title='bbox 1666 524 1781 565; x_wconf 89' lang='lat' dir='ltr'>ordi-</span> 
     </span>
     <span class='ocr_line' id='line_1_7' title="bbox 367 590 1779 647; baseline 0.001 -15"><span class='ocrx_word' id='word_1_30' title='bbox 367 606 468 633; x_wconf 88' lang='lat' dir='ltr'>nem</span> <span class='ocrx_word' id='word_1_31' title='bbox 502 591 733 647; x_wconf 88' lang='lat' dir='ltr'>promovit.</span> <span class='ocrx_word' id='word_1_32' title='bbox 798 590 995 633; x_wconf 81' lang='lat' dir='ltr'>Tandem</span> <span class='ocrx_word' id='word_1_33' title='bbox 1024 605 1122 633; x_wconf 87' lang='lat' dir='ltr'>cum</span> <span class='ocrx_word' id='word_1_34' title='bbox 1160 591 1347 633; x_wconf 89' lang='lat' dir='ltr'>clamore</span> <span class='ocrx_word' id='word_1_35' title='bbox 1389 591 1537 633; x_wconf 85' lang='lat' dir='ltr'>valido</span> <span class='ocrx_word' id='word_1_36' title='bbox 1566 594 1611 632; x_wconf 92' lang='lat' dir='ltr'>et</span> <span class='ocrx_word' id='word_1_37' title='bbox 1651 591 1779 634; x_wconf 79' lang='lat' dir='ltr'>lacri—</span> 
     </span>
     <span class='ocr_line' id='line_1_8' title="bbox 367 659 1779 715; baseline 0 -14"><span class='ocrx_word' id='word_1_38' title='bbox 367 659 448 701; x_wconf 85' lang='lat' dir='ltr'>mis</span> <span class='ocrx_word' id='word_1_39' title='bbox 480 663 676 701; x_wconf 86' lang='lat' dir='ltr'>sanctam</span> <span class='ocrx_word' id='word_1_40' title='bbox 709 663 754 701; x_wconf 91' lang='lat' dir='ltr'>et</span> <span class='ocrx_word' id='word_1_41' title='bbox 788 659 1026 715; x_wconf 80' lang='lat' dir='ltr'>simplicem</span> <span class='ocrx_word' id='word_1_42' title='bbox 1059 659 1254 700; x_wconf 85' lang='lat' dir='ltr'>animam</span> <span class='ocrx_word' id='word_1_43' title='bbox 1284 674 1407 700; x_wconf 87' lang='lat' dir='ltr'>suam</span> <span class='ocrx_word' id='word_1_44' title='bbox 1445 659 1563 715; x_wconf 85' lang='lat' dir='ltr'>apud</span> <span class='ocrx_word' id='word_1_45' title='bbox 1593 659 1779 715; x_wconf 79' lang='lat' dir='ltr'>Wygor-</span> 
     </span>
     <span class='ocr_line' id='line_1_9' title="bbox 366 727 1778 779; baseline 0.001 -11"><span class='ocrx_word' id='word_1_46' title='bbox 366 728 484 769; x_wconf 85' lang='lat' dir='ltr'>niam</span> <span class='ocrx_word' id='word_1_47' title='bbox 520 728 710 770; x_wconf 90' lang='lat' dir='ltr'>Domino</span> <span class='ocrx_word' id='word_1_48' title='bbox 747 727 1084 770; x_wconf 81' lang='lat' dir='ltr'>commendavit.</span> <span class='ocrx_word' id='word_1_49' title='bbox 1151 728 1206 769; x_wconf 85' lang='lat' dir='ltr'>Iu</span> <span class='ocrx_word' id='word_1_50' title='bbox 1246 727 1444 769; x_wconf 85' lang='lat' dir='ltr'>custodia</span> <span class='ocrx_word' id='word_1_51' title='bbox 1477 727 1674 779; x_wconf 77' lang='lat' dir='ltr'>Oxoniae,</span> <span class='ocrx_word' id='word_1_52' title='bbox 1707 728 1778 769; x_wconf 84' lang='lat' dir='ltr'>cui</span> 
     </span>
     <span class='ocr_line' id='line_1_10' title="bbox 366 796 1777 853; baseline 0.001 -16"><span class='ocrx_word' id='word_1_53' title='bbox 366 796 541 851; x_wconf 77' lang='lat' dir='ltr'>praefuit</span> <span class='ocrx_word' id='word_1_54' title='bbox 576 812 651 853; x_wconf 89' lang='lat' dir='ltr'>per</span> <span class='ocrx_word' id='word_1_55' title='bbox 688 797 762 838; x_wconf 76' lang='lat' dir='ltr'>xii.</span> <span class='ocrx_word' id='word_1_56' title='bbox 785 811 922 838; x_wconf 84' lang='lat' dir='ltr'>annos</span> <span class='ocrx_word' id='word_1_57' title='bbox 958 797 1114 838; x_wconf 79' lang='lat' dir='ltr'>Frater</span> <span class='ocrx_word' id='word_1_58' title='bbox 1151 796 1322 846; x_wconf 88' lang='lat' dir='ltr'>Petrus,</span> <span class='ocrx_word' id='word_1_59' title='bbox 1358 811 1446 837; x_wconf 90' lang='lat' dir='ltr'>non</span> <span class='ocrx_word' id='word_1_60' title='bbox 1483 799 1589 837; x_wconf 87' lang='lat' dir='ltr'>sunt</span> <span class='ocrx_word' id='word_1_61' title='bbox 1622 796 1777 838; x_wconf 85' lang='lat' dir='ltr'>fratres</span> 
     </span>
     <span class='ocr_line' id='line_1_11' title="bbox 365 863 1777 921; baseline 0 -16"><span class='ocrx_word' id='word_1_62' title='bbox 365 865 433 905; x_wconf 90' lang='lat' dir='ltr'>usi</span> <span class='ocrx_word' id='word_1_63' title='bbox 485 865 787 921; x_wconf 80' lang='lat' dir='ltr'>pulvinaribus</span> <span class='ocrx_word' id='word_1_64' title='bbox 833 879 969 920; x_wconf 84' lang='lat' dir='ltr'>usque</span> <span class='ocrx_word' id='word_1_65' title='bbox 1025 864 1082 905; x_wconf 89' lang='lat' dir='ltr'>ad</span> <span class='ocrx_word' id='word_1_66' title='bbox 1138 868 1311 920; x_wconf 85' lang='lat' dir='ltr'>tempus</span> <span class='ocrx_word' id='word_1_67' title='bbox 1371 863 1540 905; x_wconf 83' lang='lat' dir='ltr'>Fratris</span> <span class='ocrx_word' id='word_1_68' title='bbox 1603 864 1777 905; x_wconf 82' lang='lat' dir='ltr'>Alberti</span> 
     </span>
     <span class='ocr_line' id='line_1_12' title="bbox 364 932 1775 975; baseline 0.001 -3"><span class='ocrx_word' id='word_1_69' title='bbox 364 932 572 974; x_wconf 88' lang='lat' dir='ltr'>ministri.</span> <span class='ocrx_word' id='word_1_70' title='bbox 667 933 800 975; x_wconf 83' lang='lat' dir='ltr'>Unde</span> <span class='ocrx_word' id='word_1_71' title='bbox 853 948 949 974; x_wconf 89' lang='lat' dir='ltr'>cum</span> <span class='ocrx_word' id='word_1_72' title='bbox 1010 932 1174 974; x_wconf 90' lang='lat' dir='ltr'>diceret</span> <span class='ocrx_word' id='word_1_73' title='bbox 1241 933 1398 974; x_wconf 78' lang='lat' dir='ltr'>Frater</span> <span class='ocrx_word' id='word_1_74' title='bbox 1462 932 1674 973; x_wconf 84' lang='lat' dir='ltr'>Albertus</span> <span class='ocrx_word' id='word_1_75' title='bbox 1727 933 1775 973; x_wconf 90' lang='lat' dir='ltr'>in</span> 
     </span>
     <span class='ocr_line' id='line_1_13' title="bbox 366 1000 1776 1056; baseline 0.001 -15"><span class='ocrx_word' id='word_1_76' title='bbox 366 1000 570 1056; x_wconf 85' lang='lat' dir='ltr'>capitulo,</span> <span class='ocrx_word' id='word_1_77' title='bbox 605 1001 721 1056; x_wconf 85' lang='lat' dir='ltr'>quod</span> <span class='ocrx_word' id='word_1_78' title='bbox 752 1001 909 1043; x_wconf 87' lang='lat' dir='ltr'>fratres</span> <span class='ocrx_word' id='word_1_79' title='bbox 951 1000 1212 1043; x_wconf 87' lang='lat' dir='ltr'>monticulos</span> <span class='ocrx_word' id='word_1_80' title='bbox 1250 1000 1334 1042; x_wconf 87' lang='lat' dir='ltr'>sibi</span> <span class='ocrx_word' id='word_1_81' title='bbox 1372 1000 1626 1042; x_wconf 83' lang='lat' dir='ltr'>indecenter</span> <span class='ocrx_word' id='word_1_82' title='bbox 1664 1000 1776 1042; x_wconf 86' lang='lat' dir='ltr'>fece-</span> 
     </span>
     <span class='ocr_line' id='line_1_14' title="bbox 365 1068 1776 1125; baseline 0.001 -17"><span class='ocrx_word' id='word_1_83' title='bbox 365 1072 470 1109; x_wconf 89' lang='lat' dir='ltr'>runt</span> <span class='ocrx_word' id='word_1_84' title='bbox 516 1068 573 1110; x_wconf 86' lang='lat' dir='ltr'>ad</span> <span class='ocrx_word' id='word_1_85' title='bbox 621 1072 753 1125; x_wconf 91' lang='lat' dir='ltr'>caput</span> <span class='ocrx_word' id='word_1_86' title='bbox 805 1084 931 1110; x_wconf 87' lang='lat' dir='ltr'>suum</span> <span class='ocrx_word' id='word_1_87' title='bbox 982 1068 1315 1120; x_wconf 83' lang='lat' dir='ltr'>sublevandum,</span> <span class='ocrx_word' id='word_1_88' title='bbox 1358 1068 1583 1124; x_wconf 85' lang='lat' dir='ltr'>respondit</span> <span class='ocrx_word' id='word_1_89' title='bbox 1632 1072 1776 1110; x_wconf 86' lang='lat' dir='ltr'>custos</span> 
     </span>
     <span class='ocr_line' id='line_1_15' title="bbox 365 1136 1777 1192; baseline 0.001 -15"><span class='ocrx_word' id='word_1_90' title='bbox 365 1136 481 1191; x_wconf 90' lang='lat' dir='ltr'>quod</span> <span class='ocrx_word' id='word_1_91' title='bbox 513 1137 619 1178; x_wconf 85' lang='lat' dir='ltr'>satis</span> <span class='ocrx_word' id='word_1_92' title='bbox 654 1136 845 1179; x_wconf 70' lang='lat' dir='ltr'>scirent²</span> <span class='ocrx_word' id='word_1_93' title='bbox 882 1136 1038 1178; x_wconf 87' lang='lat' dir='ltr'>fratres</span> <span class='ocrx_word' id='word_1_94' title='bbox 1070 1151 1159 1179; x_wconf 85' lang='lat' dir='ltr'>esse</span> <span class='ocrx_word' id='word_1_95' title='bbox 1191 1136 1394 1188; x_wconf 83' lang='lat' dir='ltr'>carnales,</span> <span class='ocrx_word' id='word_1_96' title='bbox 1437 1151 1516 1178; x_wconf 87' lang='lat' dir='ltr'>nec</span> <span class='ocrx_word' id='word_1_97' title='bbox 1557 1140 1777 1192; x_wconf 83' lang='lat' dir='ltr'>oporteret</span> 
     </span>
     <span class='ocr_line' id='line_1_16' title="bbox 365 1204 1772 1261; baseline 0.001 -16"><span class='ocrx_word' id='word_1_98' title='bbox 365 1205 426 1245; x_wconf 85' lang='lat' dir='ltr'>eis</span> <span class='ocrx_word' id='word_1_99' title='bbox 468 1204 548 1246; x_wconf 88' lang='lat' dir='ltr'>hoc</span> <span class='ocrx_word' id='word_1_100' title='bbox 592 1205 743 1247; x_wconf 87' lang='lat' dir='ltr'>dicere.</span> <span class='ocrx_word' id='word_1_101' title='bbox 813 1205 901 1247; x_wconf 80' lang='lat' dir='ltr'>Sed</span> <span class='ocrx_word' id='word_1_102' title='bbox 945 1219 1024 1246; x_wconf 90' lang='lat' dir='ltr'>nec</span> <span class='ocrx_word' id='word_1_103' title='bbox 1067 1204 1298 1261; x_wconf 83' lang='lat' dir='ltr'>pedulibus</span> <span class='ocrx_word' id='word_1_104' title='bbox 1336 1205 1574 1246; x_wconf 86' lang='lat' dir='ltr'>utebantur</span> <span class='ocrx_word' id='word_1_105' title='bbox 1607 1205 1772 1254; x_wconf 72' lang='lat' dir='ltr'>fratres,</span> 
     </span>
     <span class='ocr_line' id='line_1_17' title="bbox 364 1272 1775 1325; baseline 0.001 -12"><span class='ocrx_word' id='word_1_106' title='bbox 364 1272 450 1313; x_wconf 86' lang='lat' dir='ltr'>nisi</span> <span class='ocrx_word' id='word_1_107' title='bbox 482 1273 646 1314; x_wconf 85' lang='lat' dir='ltr'>infirmi</span> <span class='ocrx_word' id='word_1_108' title='bbox 680 1274 752 1315; x_wconf 85' lang='lat' dir='ltr'>vel</span> <span class='ocrx_word' id='word_1_109' title='bbox 798 1274 972 1325; x_wconf 80' lang='lat' dir='ltr'>debiles,</span> <span class='ocrx_word' id='word_1_110' title='bbox 1013 1276 1056 1315; x_wconf 86' lang='lat' dir='ltr'>et</span> <span class='ocrx_word' id='word_1_111' title='bbox 1106 1273 1187 1315; x_wconf 89' lang='lat' dir='ltr'>hoc</span> <span class='ocrx_word' id='word_1_112' title='bbox 1234 1273 1288 1314; x_wconf 85' lang='lat' dir='ltr'>de</span> <span class='ocrx_word' id='word_1_113' title='bbox 1336 1273 1525 1315; x_wconf 88' lang='lat' dir='ltr'>licentia.</span> <span class='ocrx_word' id='word_1_114' title='bbox 1600 1273 1775 1315; x_wconf 83' lang='lat' dir='ltr'>Accidit</span> 
     </span>
     <span class='ocr_line' id='line_1_18' title="bbox 365 1340 1775 1383; baseline 0.001 -2"><span class='ocrx_word' id='word_1_115' title='bbox 365 1344 513 1382; x_wconf 86' lang='lat' dir='ltr'>autem</span> <span class='ocrx_word' id='word_1_116' title='bbox 550 1344 601 1383; x_wconf 89' lang='lat' dir='ltr'>ut</span> <span class='ocrx_word' id='word_1_117' title='bbox 638 1341 764 1383; x_wconf 83' lang='lat' dir='ltr'>bonae</span> <span class='ocrx_word' id='word_1_118' title='bbox 798 1342 1019 1383; x_wconf 84' lang='lat' dir='ltr'>memoriae</span> <span class='ocrx_word' id='word_1_119' title='bbox 1055 1342 1210 1383; x_wconf 81' lang='lat' dir='ltr'>Frater</span> <span class='ocrx_word' id='word_1_120' title='bbox 1245 1340 1466 1383; x_wconf 55' lang='lat' dir='ltr'>lValterus</span> <span class='ocrx_word' id='word_1_121' title='bbox 1509 1341 1561 1382; x_wconf 90' lang='lat' dir='ltr'>de</span> <span class='ocrx_word' id='word_1_122' title='bbox 1605 1342 1775 1383; x_wconf 85' lang='lat' dir='ltr'>Madele</span> 
     </span>
     <span class='ocr_line' id='line_1_19' title="bbox 367 1408 1775 1465; baseline 0.001 -16"><span class='ocrx_word' id='word_1_123' title='bbox 367 1408 473 1450; x_wconf 86' lang='lat' dir='ltr'>duos</span> <span class='ocrx_word' id='word_1_124' title='bbox 505 1409 682 1465; x_wconf 87' lang='lat' dir='ltr'>pedules</span> <span class='ocrx_word' id='word_1_125' title='bbox 713 1410 949 1461; x_wconf 82' lang='lat' dir='ltr'>inveniret,</span> <span class='ocrx_word' id='word_1_126' title='bbox 982 1413 1028 1451; x_wconf 90' lang='lat' dir='ltr'>et</span> <span class='ocrx_word' id='word_1_127' title='bbox 1060 1425 1157 1451; x_wconf 86' lang='lat' dir='ltr'>cum</span> <span class='ocrx_word' id='word_1_128' title='bbox 1189 1410 1276 1451; x_wconf 90' lang='lat' dir='ltr'>iret</span> <span class='ocrx_word' id='word_1_129' title='bbox 1307 1410 1362 1451; x_wconf 84' lang='lat' dir='ltr'>ad</span> <span class='ocrx_word' id='word_1_130' title='bbox 1396 1410 1665 1451; x_wconf 85' lang='lat' dir='ltr'>matutinum</span> <span class='ocrx_word' id='word_1_131' title='bbox 1689 1410 1775 1452; x_wconf 84' lang='lat' dir='ltr'>cal-</span> 
     </span>
     <span class='ocr_line' id='line_1_20' title="bbox 367 1477 1772 1533; baseline 0.002 -16"><span class='ocrx_word' id='word_1_132' title='bbox 367 1477 500 1518; x_wconf 87' lang='lat' dir='ltr'>ciaret</span> <span class='ocrx_word' id='word_1_133' title='bbox 536 1492 590 1519; x_wconf 90' lang='lat' dir='ltr'>se.</span> <span class='ocrx_word' id='word_1_134' title='bbox 646 1478 783 1519; x_wconf 82' lang='lat' dir='ltr'>Stetit</span> <span class='ocrx_word' id='word_1_135' title='bbox 814 1492 915 1533; x_wconf 81' lang='lat' dir='ltr'>ergo</span> <span class='ocrx_word' id='word_1_136' title='bbox 948 1479 995 1519; x_wconf 93' lang='lat' dir='ltr'>in</span> <span class='ocrx_word' id='word_1_137' title='bbox 1027 1478 1270 1526; x_wconf 87' lang='lat' dir='ltr'>matutinis,</span> <span class='ocrx_word' id='word_1_138' title='bbox 1303 1482 1354 1520; x_wconf 86' lang='lat' dir='ltr'>ut</span> <span class='ocrx_word' id='word_1_139' title='bbox 1383 1478 1465 1519; x_wconf 86' lang='lat' dir='ltr'>sibi</span> <span class='ocrx_word' id='word_1_140' title='bbox 1488 1479 1631 1519; x_wconf 88' lang='lat' dir='ltr'>visum</span> <span class='ocrx_word' id='word_1_141' title='bbox 1666 1483 1772 1530; x_wconf 87' lang='lat' dir='ltr'>erat,</span> 
     </span>
     <span class='ocr_line' id='line_1_21' title="bbox 366 1545 1774 1601; baseline 0.002 -16"><span class='ocrx_word' id='word_1_142' title='bbox 366 1545 426 1586; x_wconf 81' lang='lat' dir='ltr'>sic</span> <span class='ocrx_word' id='word_1_143' title='bbox 468 1549 520 1586; x_wconf 90' lang='lat' dir='ltr'>ut</span> <span class='ocrx_word' id='word_1_144' title='bbox 559 1545 713 1587; x_wconf 87' lang='lat' dir='ltr'>melius</span> <span class='ocrx_word' id='word_1_145' title='bbox 756 1560 800 1587; x_wconf 83' lang='lat' dir='ltr'>se</span> <span class='ocrx_word' id='word_1_146' title='bbox 842 1546 1006 1588; x_wconf 87' lang='lat' dir='ltr'>habens</span> <span class='ocrx_word' id='word_1_147' title='bbox 1060 1560 1190 1601; x_wconf 84' lang='lat' dir='ltr'>quam</span> <span class='ocrx_word' id='word_1_148' title='bbox 1234 1549 1525 1587; x_wconf 84' lang='lat' dir='ltr'>consueverat.</span> <span class='ocrx_word' id='word_1_149' title='bbox 1617 1546 1774 1588; x_wconf 85' lang='lat' dir='ltr'>Postea</span> 
     </span>
     <span class='ocr_line' id='line_1_22' title="bbox 365 1614 1771 1670; baseline 0.001 -16"><span class='ocrx_word' id='word_1_150' title='bbox 365 1627 466 1655; x_wconf 86' lang='lat' dir='ltr'>vero</span> <span class='ocrx_word' id='word_1_151' title='bbox 493 1628 591 1655; x_wconf 86' lang='lat' dir='ltr'>cum</span> <span class='ocrx_word' id='word_1_152' title='bbox 612 1614 805 1656; x_wconf 86' lang='lat' dir='ltr'>venisset</span> <span class='ocrx_word' id='word_1_153' title='bbox 837 1614 893 1655; x_wconf 88' lang='lat' dir='ltr'>ad</span> <span class='ocrx_word' id='word_1_154' title='bbox 924 1614 1085 1656; x_wconf 89' lang='lat' dir='ltr'>lectum</span> <span class='ocrx_word' id='word_1_155' title='bbox 1115 1629 1241 1656; x_wconf 88' lang='lat' dir='ltr'>suum</span> <span class='ocrx_word' id='word_1_156' title='bbox 1275 1618 1318 1656; x_wconf 86' lang='lat' dir='ltr'>et</span> <span class='ocrx_word' id='word_1_157' title='bbox 1351 1615 1603 1670; x_wconf 79' lang='lat' dir='ltr'>quiesceret,</span> <span class='ocrx_word' id='word_1_158' title='bbox 1626 1615 1771 1656; x_wconf 88' lang='lat' dir='ltr'>visum</span> 
     </span>
     <span class='ocr_line' id='line_1_23' title="bbox 365 1680 1770 1738; baseline 0.001 -16"><span class='ocrx_word' id='word_1_159' title='bbox 365 1680 452 1723; x_wconf 86' lang='lat' dir='ltr'>fuit</span> <span class='ocrx_word' id='word_1_160' title='bbox 505 1682 544 1723; x_wconf 90' lang='lat' dir='ltr'>ei</span> <span class='ocrx_word' id='word_1_161' title='bbox 605 1683 721 1737; x_wconf 85' lang='lat' dir='ltr'>quod</span> <span class='ocrx_word' id='word_1_162' title='bbox 767 1682 952 1724; x_wconf 86' lang='lat' dir='ltr'>transire</span> <span class='ocrx_word' id='word_1_163' title='bbox 997 1683 1153 1724; x_wconf 85' lang='lat' dir='ltr'>debuit</span> <span class='ocrx_word' id='word_1_164' title='bbox 1206 1697 1281 1738; x_wconf 83' lang='lat' dir='ltr'>per</span> <span class='ocrx_word' id='word_1_165' title='bbox 1324 1697 1497 1738; x_wconf 80' lang='lat' dir='ltr'>passum</span> <span class='ocrx_word' id='word_1_166' title='bbox 1553 1683 1770 1738; x_wconf 85' lang='lat' dir='ltr'>quendam</span> 
     </span>
     <span class='ocr_line' id='line_1_24' title="bbox 363 1750 1770 1807; baseline 0.001 -17"><span class='ocrx_word' id='word_1_167' title='bbox 363 1750 650 1804; x_wconf 88' lang='lat' dir='ltr'>periculosum</span> <span class='ocrx_word' id='word_1_168' title='bbox 692 1751 810 1792; x_wconf 86' lang='lat' dir='ltr'>iuter</span> <span class='ocrx_word' id='word_1_169' title='bbox 853 1751 1070 1792; x_wconf 81' lang='lat' dir='ltr'>Oxoniam</span> <span class='ocrx_word' id='word_1_170' title='bbox 1122 1754 1167 1792; x_wconf 84' lang='lat' dir='ltr'>et</span> <span class='ocrx_word' id='word_1_171' title='bbox 1210 1750 1491 1792; x_wconf 82' lang='lat' dir='ltr'>Gloverniam</span> <span class='ocrx_word' id='word_1_172' title='bbox 1530 1750 1770 1807; x_wconf 65' lang='lat' dir='ltr'>boysal3s3,5</span> 
     </span>
     <span class='ocr_line' id='line_1_25' title="bbox 363 1808 1769 1874; baseline 0.001 -16"><span class='ocrx_word' id='word_1_173' title='bbox 363 1817 438 1858; x_wconf 88' lang='lat' dir='ltr'>ubi</span> <span class='ocrx_word' id='word_1_174' title='bbox 471 1821 787 1860; x_wconf 82' lang='lat' dir='ltr'>consueverunt</span> <span class='ocrx_word' id='word_1_175' title='bbox 820 1833 909 1860; x_wconf 84' lang='lat' dir='ltr'>esse</span> <span class='ocrx_word' id='word_1_176' title='bbox 930 1819 1166 1874; x_wconf 70' lang='lat' dir='ltr'>praedones,</span> <span class='ocrx_word' id='word_1_177' title='bbox 1193 1822 1238 1860; x_wconf 89' lang='lat' dir='ltr'>et</span> <span class='ocrx_word' id='word_1_178' title='bbox 1271 1833 1369 1859; x_wconf 86' lang='lat' dir='ltr'>cum</span> <span class='ocrx_word' id='word_1_179' title='bbox 1402 1819 1681 1861; x_wconf 86' lang='lat' dir='ltr'>descenderet</span> <span class='ocrx_word' id='word_1_180' title='bbox 1718 1808 1769 1860; x_wconf 86' lang='lat' dir='ltr'>in</span> 
     </span>
     <span class='ocr_line' id='line_1_26' title="bbox 362 1885 1769 1942; baseline 0.001 -16"><span class='ocrx_word' id='word_1_181' title='bbox 362 1885 520 1926; x_wconf 66' lang='lat' dir='ltr'>vallem</span> <span class='ocrx_word' id='word_1_182' title='bbox 567 1886 840 1942; x_wconf 85' lang='lat' dir='ltr'>profundam,</span> <span class='ocrx_word' id='word_1_183' title='bbox 882 1890 1160 1928; x_wconf 85' lang='lat' dir='ltr'>accurrerunt</span> <span class='ocrx_word' id='word_1_184' title='bbox 1206 1887 1445 1928; x_wconf 83' lang='lat' dir='ltr'>clamantes</span> <span class='ocrx_word' id='word_1_185' title='bbox 1483 1901 1539 1928; x_wconf 80' lang='lat' dir='ltr'>ex</span> <span class='ocrx_word' id='word_1_186' title='bbox 1582 1890 1769 1942; x_wconf 85' lang='lat' dir='ltr'>utraque</span> 
     </span>
     <span class='ocr_line' id='line_1_27' title="bbox 361 1954 1768 2012; baseline 0.001 -18"><span class='ocrx_word' id='word_1_187' title='bbox 361 1957 484 2008; x_wconf 82' lang='lat' dir='ltr'>parte</span> <span class='ocrx_word' id='word_1_188' title='bbox 505 1954 589 1996; x_wconf 61' lang='lat' dir='ltr'>viee</span> <span class='ocrx_word' id='word_1_189' title='bbox 621 1955 828 2007; x_wconf 75' lang='lat' dir='ltr'>dicenteS,</span> <span class='ocrx_word' id='word_1_190' title='bbox 865 1955 1111 2007; x_wconf 79' lang='lat' dir='ltr'>“Occidite,</span> <span class='ocrx_word' id='word_1_191' title='bbox 1146 1954 1328 1997; x_wconf 86' lang='lat' dir='ltr'>occidite</span> <span class='ocrx_word' id='word_1_192' title='bbox 1348 1954 1384 1996; x_wconf 76' lang='lat'>1’&#39;</span> <span class='ocrx_word' id='word_1_193' title='bbox 1438 1955 1635 1996; x_wconf 87' lang='lat' dir='ltr'>Territus</span> <span class='ocrx_word' id='word_1_194' title='bbox 1668 1970 1768 2012; x_wconf 78' lang='lat' dir='ltr'>ergo</span> 
     </span>
     <span class='ocr_line' id='line_1_28' title="bbox 363 2022 1770 2065; baseline 0.002 -3"><span class='ocrx_word' id='word_1_195' title='bbox 363 2022 495 2063; x_wconf 86' lang='lat' dir='ltr'>nimis</span> <span class='ocrx_word' id='word_1_196' title='bbox 529 2022 645 2064; x_wconf 78' lang='lat' dir='ltr'>dixit</span> <span class='ocrx_word' id='word_1_197' title='bbox 692 2037 736 2064; x_wconf 87' lang='lat' dir='ltr'>se</span> <span class='ocrx_word' id='word_1_198' title='bbox 770 2037 860 2065; x_wconf 84' lang='lat' dir='ltr'>csse</span> <span class='ocrx_word' id='word_1_199' title='bbox 910 2022 1111 2065; x_wconf 84' lang='lat' dir='ltr'>Fratrem</span> <span class='ocrx_word' id='word_1_200' title='bbox 1157 2023 1384 2065; x_wconf 87' lang='lat' dir='ltr'>Minorem.</span> <span class='ocrx_word' id='word_1_201' title='bbox 1449 2023 1513 2064; x_wconf 90' lang='lat' dir='ltr'>At</span> <span class='ocrx_word' id='word_1_202' title='bbox 1549 2022 1614 2064; x_wconf 87' lang='lat' dir='ltr'>illi</span> <span class='ocrx_word' id='word_1_203' title='bbox 1647 2024 1770 2065; x_wconf 74' lang='lat' dir='ltr'>dixe-</span> 
     </span>
     <span class='ocr_line' id='line_1_29' title="bbox 360 2090 1766 2140; baseline 0.001 -10"><span class='ocrx_word' id='word_1_204' title='bbox 360 2094 481 2140; x_wconf 83' lang='lat' dir='ltr'>runt,</span> <span class='ocrx_word' id='word_1_205' title='bbox 522 2090 788 2140; x_wconf 80' lang='lat' dir='ltr'>“Mentiris3</span> <span class='ocrx_word' id='word_1_206' title='bbox 834 2105 923 2132; x_wconf 88' lang='lat' dir='ltr'>non</span> <span class='ocrx_word' id='word_1_207' title='bbox 958 2091 1074 2132; x_wconf 91' lang='lat' dir='ltr'>enim</span> <span class='ocrx_word' id='word_1_208' title='bbox 1106 2090 1272 2133; x_wconf 88' lang='lat' dir='ltr'>incedis</span> <span class='ocrx_word' id='word_1_209' title='bbox 1304 2090 1619 2132; x_wconf 86' lang='lat' dir='ltr'>discalciatus.’&#39;</span> <span class='ocrx_word' id='word_1_210' title='bbox 1702 2092 1766 2132; x_wconf 89' lang='lat' dir='ltr'>At</span> 
     </span>
     <span class='ocr_line' id='line_1_30' title="bbox 361 2157 1768 2201; baseline 0.002 -4"><span class='ocrx_word' id='word_1_211' title='bbox 361 2157 433 2198; x_wconf 87' lang='lat' dir='ltr'>ille</span> <span class='ocrx_word' id='word_1_212' title='bbox 481 2159 716 2199; x_wconf 84' lang='lat' dir='ltr'>secundum</span> <span class='ocrx_word' id='word_1_213' title='bbox 763 2159 1119 2200; x_wconf 79' lang='lat' dir='ltr'>consuetudinem</span> <span class='ocrx_word' id='word_1_214' title='bbox 1161 2159 1338 2201; x_wconf 88' lang='lat' dir='ltr'>credens</span> <span class='ocrx_word' id='word_1_215' title='bbox 1385 2173 1429 2200; x_wconf 90' lang='lat' dir='ltr'>se</span> <span class='ocrx_word' id='word_1_216' title='bbox 1474 2173 1563 2201; x_wconf 84' lang='lat' dir='ltr'>esse</span> <span class='ocrx_word' id='word_1_217' title='bbox 1610 2159 1768 2200; x_wconf 66' lang='lat' dir='ltr'>discal-</span> 
     </span>
     <span class='ocr_line' id='line_1_31' title="bbox 361 2222 1766 2282; baseline 0.003 -17"><span class='ocrx_word' id='word_1_218' title='bbox 361 2224 538 2276; x_wconf 85' lang='lat' dir='ltr'>ciatum,</span> <span class='ocrx_word' id='word_1_219' title='bbox 580 2226 707 2275; x_wconf 78' lang='lat' dir='ltr'>dixit,</span> <span class='ocrx_word' id='word_1_220' title='bbox 763 2231 786 2248; x_wconf 93' lang='lat'><strong>“</strong></span> <span class='ocrx_word' id='word_1_221' title='bbox 802 2228 956 2279; x_wconf 81' lang='lat' dir='ltr'>Immo,</span> <span class='ocrx_word' id='word_1_222' title='bbox 1000 2227 1275 2268; x_wconf 82' lang='lat' dir='ltr'>discalciatus</span> <span class='ocrx_word' id='word_1_223' title='bbox 1317 2226 1469 2268; x_wconf 84' lang='lat' dir='ltr'>incedo</span> <span class='ocrx_word' id='word_1_224' title='bbox 1487 2222 1527 2269; x_wconf 78' lang='lat'>:&#39;&#39;</span> <span class='ocrx_word' id='word_1_225' title='bbox 1585 2242 1766 2282; x_wconf 87' lang='lat' dir='ltr'>cumque</span> 
     </span>
     <span class='ocr_line' id='line_1_32' title="bbox 362 2293 1765 2350; baseline 0.002 -17"><span class='ocrx_word' id='word_1_226' title='bbox 362 2293 631 2335; x_wconf 74' lang='lat' dir='ltr'>continenter</span> <span class='ocrx_word' id='word_1_227' title='bbox 683 2293 835 2349; x_wconf 85' lang='lat' dir='ltr'>pedem</span> <span class='ocrx_word' id='word_1_228' title='bbox 884 2295 1147 2350; x_wconf 84' lang='lat' dir='ltr'>protulisset,</span> <span class='ocrx_word' id='word_1_229' title='bbox 1207 2295 1370 2350; x_wconf 87' lang='lat' dir='ltr'>reperit</span> <span class='ocrx_word' id='word_1_230' title='bbox 1427 2308 1470 2336; x_wconf 85' lang='lat' dir='ltr'>se</span> <span class='ocrx_word' id='word_1_231' title='bbox 1535 2294 1765 2336; x_wconf 81' lang='lat' dir='ltr'>calciatum</span> 
     </span>
     <span class='ocr_line' id='line_1_33' title="bbox 362 2361 1764 2420; baseline 0.001 -19"><span class='ocrx_word' id='word_1_232' title='bbox 362 2374 500 2402; x_wconf 83' lang='lat' dir='ltr'>eoram</span> <span class='ocrx_word' id='word_1_233' title='bbox 537 2361 590 2402; x_wconf 86' lang='lat' dir='ltr'>iis</span> <span class='ocrx_word' id='word_1_234' title='bbox 619 2361 748 2403; x_wconf 89' lang='lat' dir='ltr'>dictis</span> <span class='ocrx_word' id='word_1_235' title='bbox 783 2363 938 2412; x_wconf 57' lang='lat' dir='ltr'>socci-{43</span> <span class='ocrx_word' id='word_1_236' title='bbox 977 2366 1021 2404; x_wconf 93' lang='lat' dir='ltr'>et</span> <span class='ocrx_word' id='word_1_237' title='bbox 1042 2378 1131 2420; x_wconf 80' lang='lat' dir='ltr'>prae</span> <span class='ocrx_word' id='word_1_238' title='bbox 1161 2363 1300 2403; x_wconf 83' lang='lat' dir='ltr'>nimia</span> <span class='ocrx_word' id='word_1_239' title='bbox 1331 2362 1581 2405; x_wconf 86' lang='lat' dir='ltr'>confusione</span> <span class='ocrx_word' id='word_1_240' title='bbox 1614 2363 1764 2404; x_wconf 85' lang='lat' dir='ltr'>statim</span> 
     </span>
     <span class='ocr_line' id='line_1_34' title="bbox 361 2429 1652 2487; baseline 0.004 -19"><span class='ocrx_word' id='word_1_241' title='bbox 361 2443 388 2469; x_wconf 87' lang='lat' dir='ltr'>a</span> <span class='ocrx_word' id='word_1_242' title='bbox 418 2443 567 2470; x_wconf 85' lang='lat' dir='ltr'>sonmo</span> <span class='ocrx_word' id='word_1_243' title='bbox 599 2429 767 2472; x_wconf 85' lang='lat' dir='ltr'>solutus</span> <span class='ocrx_word' id='word_1_244' title='bbox 803 2430 986 2487; x_wconf 83' lang='lat' dir='ltr'>projecit</span> <span class='ocrx_word' id='word_1_245' title='bbox 1017 2445 1158 2473; x_wconf 82' lang='lat' dir='ltr'>soccos</span> <span class='ocrx_word' id='word_1_246' title='bbox 1190 2430 1236 2471; x_wconf 91' lang='lat' dir='ltr'>in</span> <span class='ocrx_word' id='word_1_247' title='bbox 1274 2430 1463 2472; x_wconf 81' lang='lat' dir='ltr'>mediam</span> <span class='ocrx_word' id='word_1_248' title='bbox 1496 2445 1652 2473; x_wconf 83' lang='lat' dir='ltr'>aream.</span> 
     </span>
    </p>
   </div>
   <div class='ocr_carea' id='block_1_4' title="bbox 407 2623 1740 2721">
    <p class='ocr_par' dir='ltr' id='par_1_4' title="bbox 407 2623 1740 2721">
     <span class='ocr_line' id='line_1_35' title="bbox 409 2623 1740 2667; baseline -0.002 -11"><span class='ocrx_word' id='word_1_249' title='bbox 409 2625 416 2643; x_wconf 88' lang='lat'>¹</span> <span class='ocrx_word' id='word_1_250' title='bbox 439 2631 508 2667; x_wconf 62' lang='lat' dir='ltr'>pm,</span> <span class='ocrx_word' id='word_1_251' title='bbox 534 2626 609 2658; x_wconf 42' lang='lat' dir='ltr'>MS,</span> <span class='ocrx_word' id='word_1_252' title='bbox 1169 2626 1180 2644; x_wconf 83' lang='lat'>³</span> <span class='ocrx_word' id='word_1_253' title='bbox 1205 2623 1386 2666; x_wconf 72' lang='lat' dir='ltr'>Boysalffln,</span> <span class='ocrx_word' id='word_1_254' title='bbox 1433 2623 1663 2666; x_wconf 79' lang='lat' dir='ltr'>Besils·chh,</span> <span class='ocrx_word' id='word_1_255' title='bbox 1702 2632 1740 2655; x_wconf 86' lang='lat' dir='ltr'>or</span> 
     </span>
     <span class='ocr_line' id='line_1_36' title="bbox 407 2677 1551 2721; baseline 0.003 -12"><span class='ocrx_word' id='word_1_256' title='bbox 407 2681 418 2698; x_wconf 72' lang='lat'><strong>²</strong></span> <span class='ocrx_word' id='word_1_257' title='bbox 441 2677 534 2709; x_wconf 67' lang='lat' dir='ltr'>seit-cc</span> <span class='ocrx_word' id='word_1_258' title='bbox 552 2680 566 2710; x_wconf 77' lang='lat'><strong>?</strong></span> <span class='ocrx_word' id='word_1_259' title='bbox 1116 2678 1249 2721; x_wconf 70' lang='lat' dir='ltr'>Beryley,</span> <span class='ocrx_word' id='word_1_260' title='bbox 1266 2680 1394 2721; x_wconf 77' lang='lat' dir='ltr'>Bnglcy</span> <span class='ocrx_word' id='word_1_261' title='bbox 1411 2678 1519 2712; x_wconf 85' lang='lat' dir='ltr'>Wood</span> <span class='ocrx_word' id='word_1_262' title='bbox 1536 2678 1551 2712; x_wconf 73' lang='grc' dir='ltr'>Ρ</span> 
     </span>
    </p>
   </div>
  </div>
 </body>
</html>
