1905 3180
252 846 304 878 On
322 846 378 879 the

249 890 355 924 duties
371 890 409 922 of

249 936 300 967 his
316 946 388 968 new

250 981 375 1021 prefer-

247 1033 345 1059 ment.

484 270 566 312 190
966 279 1071 313 ΑΜΕ
1103 281 1164 312 DE
1194 280 1391 315 hunisco

1056 412 1287 454 LXXVII.

474 515 751 558 Honorabili
783 515 882 559 viro
915 521 952 559 et
984 515 1169 558 domino
1198 529 1279 558 suo
1309 515 1613 566 desiderabili,
1644 515 1867 572 Mczyz'stro

598 584 655 628 W.
703 584 863 642 Lupo,¹
898 584 1234 627 Arelriclaccono
1285 583 1553 634 Lincolm'ce,
1595 584 1757 627 Frater
1807 584 1864 626 A.

591 652 792 703 salutem,
842 658 880 696 et
935 653 1167 696 sinceram
1208 651 1263 694 in
1304 652 1505 695 Domino
1554 651 1708 695 ‹lebitoe
1744 652 1867 695 clei-00

591 721 733 764 tionis
754 722 969 778 affictum.

532 813 673 865 Quam
724 814 925 855 laetanter
977 813 1322 868 amplectendam
1379 811 1539 867 aspicio
1591 812 1865 856 benedictam

471 882 646 924 Divina}
678 881 1012 938 dispensationis
1043 880 1329 930 clementiam,
1363 894 1439 936 per
1472 895 1603 935 quam
1637 880 1693 921 ad
1729 881 1867 922 excel-

467 951 629 992 lentem
672 949 948 992 ecclesiastici
991 948 1216 1004 regiminis
1252 948 1573 997 auctoritatem,
1597 948 1863 990 eminentem

466 1022 624 1061 vestrae
649 1017 922 1059 discretionis
959 1017 1232 1059 honestatem
1274 1030 1352 1057 nec
1384 1016 1534 1057 caduci
1571 1016 1746 1058 honoris
1778 1031 1865 1058 am-

464 1086 585 1137 bitio,
617 1101 695 1127 nec
740 1085 912 1126 mobilis
958 1084 1194 1126 affluenti-ee
1237 1083 1441 1140 captatio,
1486 1098 1566 1125 nec
1610 1084 1758 1126 fluidae
1788 1100 1864 1127 vo-

463 1154 642 1209 luptatis
682 1153 913 1194 assectatio
961 1152 1273 1194 damnabiliter
1319 1151 1491 1203 illexit-,3
1523 1152 1597 1194 sed
1639 1152 1863 1194 humilitas

463 1225 698 1263 mansuetae
745 1221 936 1270 virtutis,
991 1221 1065 1262 sed
1116 1220 1279 1261 veritas
1330 1219 1514 1261 illustris
1566 1219 1735 1272 animae,
1789 1221 1863 1263 sed

462 1290 700 1331 liberalitas
730 1289 812 1331 lati
845 1289 983 1331 cordis
1020 1288 1256 1330 salubriter
1287 1288 1501 1330 evocavit.
1583 1288 1701 1340 Quid
1733 1292 1863 1345 ergo?

463 1357 692 1413 Numquid
723 1371 850 1413 quem
883 1356 1070 1399 coelestis
1102 1356 1368 1397 illuminatio
1405 1359 1496 1397 tam
1535 1355 1651 1397 datis
1686 1356 1861 1412 optimis

463 1440 591 1481 quam
624 1425 747 1467 donis
778 1424 980 1481 perfectis
1005 1425 1059 1465 ad
1091 1425 1297 1465 honorem
1325 1423 1500 1465 Divinae
1531 1423 1786 1478 Majestatis‚
1817 1428 1862 1467 et

462 1493 757 1535 ecclesiastices
800 1492 952 1534 salutis
995 1492 1304 1547 operationem,
1341 1491 1584 1546 specialiter
1614 1491 1859 1547 insignivit,

461 1577 567 1617 quos
609 1561 824 1604 saecularis
861 1560 1092 1602 excaecatio
1134 1563 1225 1601 tam
1268 1560 1514 1601 cari'ialibus
1556 1559 1775 1615 spurcitiis
1811 1560 1859 1602 in

460 1630 645 1671 salvifici
690 1629 894 1670 Nominis
926 1628 1241 1684 blasphemiam
1279 1630 1324 1669 et
1353 1627 1653 1669 ecclesiasticae
1686 1641 1859 1684 repara-

460 1697 594 1738 tionis
631 1697 836 1751 injuriam
871 1695 1202 1752 pernecabiliter
1233 1695 1507 1744 deformavit,
1536 1709 1613 1751 per
1643 1695 1859 1738 horrenda

459 1765 716 1806 vastissimis
752 1764 1010 1819 perditionis
1041 1763 1282 1819 praecipitia
1314 1762 1667 1804 consectabitur?
1726 1763 1857 1806 Absit

458 1833 548 1884 hoc,
582 1832 642 1873 mi
672 1832 887 1874 carissime
922 1832 1106 1881 domine,
1139 1845 1313 1887 prorsus
1345 1831 1398 1872 ab
1429 1845 1489 1882 eo,
1514 1831 1589 1886 qui
1621 1845 1748 1886 super
1777 1846 1859 1873 nu-

459 1915 644 1942 merosas
675 1900 936 1956 populorum
967 1900 1128 1949 turbas,
1162 1903 1254 1940 tam
1301 1899 1462 1943 multos
1493 1899 1738 1940 animarum
1769 1914 1857 1941 rec-

458 1971 582 2018 tores,
613 1969 904 2024 principatum
938 1967 1153 2009 divinitus
1183 1966 1372 2022 suscepit
1403 1967 1668 2009 salvationis.
1721 1967 1856 2009 Porro

458 2036 563 2091 quid
595 2039 769 2091 satagat
789 2036 858 2077 vir
889 2035 1149 2091 apostolicus
1181 2035 1427 2089 apostolicae
1459 2034 1736 2090 professionis
1757 2049 1856 2077 nor-

456 2118 573 2144 mam
604 2103 831 2151 custodire,
876 2117 1007 2158 quam
1054 2106 1147 2144 tam
1190 2102 1390 2143 districta
1431 2116 1628 2157 supernae
1667 2117 1856 2160 praecep-

456 2171 587 2212 tionis
616 2171 845 2221 sententia,
869 2174 912 2212 et
944 2171 1025 2212 sub
1058 2173 1196 2212 tanta}
1228 2169 1473 2211 formidinis
1507 2170 1853 2224 comminatione,

455 2242 499 2280 et
533 2238 612 2279 sub
645 2241 783 2279 tantae
819 2238 1133 2293 praemiationis
1171 2237 1465 2293 promissione,
1496 2238 1747 2293 pastoribus
1788 2253 1855 2282 ec-

455 2306 680 2347 clesiarum
713 2309 804 2346 tam
837 2309 1087 2347 constanter
1127 2305 1343 2361 imponit?
1408 2306 1572 2348 Annon
1602 2321 1696 2348 eam
1727 2308 1855 2350 novit

454 2374 660 2430 przeclara
712 2377 870 2415 vestrae
922 2373 1173 2414 sedulitatis
1227 2373 1447 2414 industria
1463 2390 1473 2425 3
1535 2376 1580 2415 et
1630 2374 1726 2429 quis
1776 2375 1853 2416 illa

454 2442 639 2483 melius?
672 2441 936 2482 Luculenter
967 2441 1078 2482 hanc
1109 2440 1393 2482 manifestant
1426 2442 1598 2497 Angeh,
1632 2442 1708 2497 qui
1738 2442 1852 2484 vices

454 2508 711 2551 ascendendi
743 2512 787 2550 et
829 2508 1115 2549 descendendi
1156 2508 1436 2563 frequentant
1476 2509 1524 2549 in
1564 2509 1678 2550 scala
1713 2509 1850 2552 Jacob

453 2576 679 2619 benedicti.
743 2576 985 2617 Evidenter
1015 2575 1128 2617 hanc
1161 2576 1355 2617 insinuat
1387 2579 1560 2618 sanctus
1591 2576 1762 2632 Moyses
1795 2579 1851 2620 ad

452 2646 621 2687 excelsa
663 2643 948 2686 conscendens
979 2647 1031 2685 ut
1066 2644 1216 2685 divino
1258 2644 1431 2686 fruatur
1472 2644 1766 2694 contubernio,
1805 2649 1851 2687 et

451 2714 508 2755 ad
549 2712 701 2754 infima
734 2711 996 2752 descendens
1032 2714 1084 2752 ut
1117 2711 1307 2753 humano
1344 2712 1640 2767 patrocinetur
1678 2712 1846 2757 solatio.

454 2781 566 2823 Cum
623 2780 739 2821 enim
791 2779 1028 2821 secundum
1071 2779 1370 2835 Augustinum
1422 2779 1510 2822 tria
1559 2780 1649 2822 sint
1689 2795 1849 2837 genera

552 2928 557 2945 ¹
584 2926 752 2958 Removed
768 2925 892 2958 thither
908 2925 994 2958 from
1012 2925 1214 2966 Gloucester,
1232 2925 1265 2957 in
1282 2929 1365 2958 1248
1385 2939 1392 2965 ,ς
1418 2925 1574 2967 deprived
1591 2925 1623 2957 in
1641 2929 1733 2959 1255.
