1905 3180
595 276 826 309 APPENDIX
863 280 987 310 xxix.
1405 279 1487 319 ⁴327

96 400 302 456 praedicta
334 400 528 456 pecunia,
562 401 617 441 ad
648 401 921 443 securitatem
956 404 1147 457 praedicti
1173 406 1385 462 Radulphi
1419 410 1487 448 ‹lv-

96 468 304 524 ponenda.
368 467 426 509 Et
458 468 555 509 ideo
596 468 720 510 vobis
758 470 1023 519 mandamus,
1068 473 1181 525 quod
1222 475 1275 514 ad
1313 475 1484 516 «lonium

98 535 281 577 fratrum
313 535 616 592 praedictorum
648 537 930 591 personaliter
970 540 1228 590 aecedentes,
1262 544 1486 596 pecuniam

96 603 350 659 praedictam
381 604 437 645 ad
468 617 575 660 opus
606 607 803 645 nostrum
835 605 1024 660 capiatiS,
1063 611 1106 647 et
1136 608 1310 661 praefato
1339 609 1487 652 clerico

95 675 243 713 nostro
278 671 482 720 liberetis,
525 675 570 713 et
616 671 774 726 jocalia
821 675 971 713 nostra
1011 674 1216 728 proedieta
1256 691 1341 716 una
1393 692 1486 718 (eum

96 739 232 781 altera
263 743 385 795 parte
420 739 666 781 indenturae
697 739 928 795 praedietae,
952 744 995 782 et
1027 742 1158 782 etiam
1190 742 1354 783 litteras
1395 759 1489 784 nos-

96 810 187 848 tras
237 811 447 863 patentes,
501 821 607 863 quas
658 807 858 848 similiter
908 822 983 862 pro
1031 810 1259 851 securitate
1319 812 1484 865 praefati

98 874 319 930 Radulphi
380 874 516 916 factas
567 874 692 916 vobis
754 874 982 925 mittimus,
1045 876 1204 917 ibidem
1267 878 1488 933 deponatis

95 943 386 992 custodienda,
413 942 547 998 juxta
586 946 779 985 tenorem
802 943 1048 985 litterarum
1079 948 1319 986 nostrarum
1341 951 1488 1002 paten-

96 1010 208 1052 tium
240 1010 557 1067 praediotarum.
623 1010 678 1051 In
710 1010 842 1065 eujus>
876 1014 952 1053 ete.

155 1079 282 1122 Teste
312 1093 422 1136 rege,
456 1079 572 1135 apud
604 1079 853 1130 Guldeford,
876 1094 948 1120 xx.
981 1079 1050 1121 die
1081 1079 1291 1122 Januarii.

726 1303 866 1345 XXX.

93 1401 312 1445 Robertus
354 1402 442 1445 Dea
481 1403 639 1458 ῃναέὶα
671 1402 1014 1445 Linoolm‘ensis
1055 1401 1285 1457 episcopus
1328 1401 1485 1443 ‹lilecto

213 1469 302 1512 sihi
343 1469 400 1513 in
434 1470 610 1513 Christo
644 1470 794 1527 fratri
836 1469 1056 1513 Ministro
1086 1470 1308 1511 Fratrum
1338 1470 1390 1510 M
1395 1469 1406 1510 ἰ
1416 1484 1488 1510 ηο-

213 1552 323 1580 ‘rum
353 1537 410 1580 in
430 1538 611 1594 Angylz'co
644 1538 838 1582 salutem
869 1543 908 1581 et
939 1538 1169 1580 sincerum
1200 1536 1256 1579 {a
1292 1536 1488 1579 Domino

215 1605 455 1650 charitatis
486 1611 797 1663 (ιῑιφηεηΐῑωη.

96 1693 177 1749 (Of
201 1692 270 1734 his
300 1695 454 1735 return
486 1693 597 1735 with
628 1693 772 1734 Adam
805 1692 857 1734 de
891 1691 1074 1732 Marisoo
1096 1690 1205 1732 from
1237 1690 1312 1731 the
1346 1689 1488 1731 Coun-

213 1761 268 1803 cil
319 1761 368 1803 of
414 1761 572 1817 Lyons,
625 1761 712 1802 and
758 1760 834 1802 the
890 1758 1020 1800 death
1064 1758 1112 1800 of
1151 1757 1398 1798 Alexander
1433 1757 1486 1797 ab

214 1828 378 1885 Hales.)

153 1911 289 1954 Veros
316 1926 406 1954 non
431 1911 633 1954 molestat
659 1911 829 1959 amieos,
860 1910 933 1951 sed
955 1909 1089 1964 magis
1111 1908 1352 1949 e‹1›nsolatur
1373 1906 1485 1961 quic-

94 1979 199 2034 quid
241 1981 458 2037 sapienter
503 1983 548 2022 et
599 1979 831 2021 salubriter
877 1977 1067 2033 disponit
1110 1975 1165 2026 Is,
1213 1990 1338 2030 quem
1384 1988 1481 2015 vera

95 2047 288 2090 amicitia
351 2048 690 2104 complectimur.
765 2046 1039 2102 Quapropter
1102 2058 1197 2085 oum
1248 2042 1340 2084 veri
1392 2041 1484 2082 sitis

94 2119 308 2158 amatores
328 2120 373 2158 et
404 2116 529 2158 amici
551 2115 646 2165 Dei,
675 2129 764 2157 non
795 2117 938 2170 potest
968 2127 1045 2154 vos
1078 2112 1305 2167 quicquam
1337 2109 1485 2150 moles-

93 2187 186 2226 tare
218 2185 334 2240 quod
363 2184 466 2240 Ipso
490 2183 542 2226 fit
574 2184 810 2226 ordinante.
865 2181 1006 2237 lpsius
1026 2183 1171 2221 autem
1201 2176 1483 2234 providentia,

95 2266 192 2307 quae
224 2253 370 2294 omnia
410 2252 627 2308 sapienter
668 2250 859 2306 disponit
891 2252 935 2290 et
978 2247 1215 2296 salubriter,
1249 2245 1381 2286 frater
1411 2244 1439 2284 J
1444 2258 1485 2283 o-

92 2320 257 2362 hannes
289 2320 427 2362 socius
459 2320 605 2362 fratris
632 2320 682 2361 A.
705 2319 876 2360 laborat
908 2319 1129 2371 quartana,
1163 2328 1247 2368 qua
1278 2315 1483 2367 aegrotare

91 2388 253 2444 incepit
283 2389 329 2429 in
359 2388 504 2430 reditu
535 2391 683 2429 nostro
714 2386 830 2442 apud
875 2383 1118 2431 Beluaoum,
1166 2394 1292 2435 quem
1336 2378 1484 2419 diebus

92 2455 439 2512 interpolationis
471 2455 676 2496 duximus
712 2468 846 2508 usque
884 2452 938 2492 ad
974 2450 1162 2505 Nogent,
1192 2450 1236 2489 et
1264 2447 1382 2487 illino
1409 2460 1483 2500 per

93 2537 250 2578 aquam
285 2523 497 2579 Sequanae
537 2537 672 2578 usque
719 2522 775 2562 ad
817 2519 1001 2561 Parisios
1046 2517 1222 2559 fecimus
1267 2528 1363 2556 eum
1407 2528 1483 2553 nos

91 2591 342 2646 praecedere.
419 2591 532 2643 Quia
582 2594 730 2632 autem
777 2603 864 2629 non
906 2585 1137 2627 videbatur
1179 2581 1301 2623 nobis
1346 2594 1481 2634 neque

91 2659 217 2700 fratri
253 2660 364 2701 Adae
405 2674 601 2701 Securum
644 2656 759 2712 quod
800 2656 1046 2710 sequeretur
1086 2665 1163 2692 nos
1204 2648 1303 2689 inde
1348 2661 1479 2700 usque

91 2740 220 2778 mare,
253 2742 330 2769 nec
362 2727 477 2782 quod
509 2726 684 2768 Parisiis
724 2725 965 2765 moraretur
1002 2722 1176 2774 propter
1208 2715 1315 2756 aeris
1347 2714 1478 2768 ipsius

91 2793 173 2836 loci
203 2795 482 2836 infectionem
512 2809 601 2835 non
631 2793 857 2839 salubrem,
895 2787 1099 2843 elegimus
1141 2788 1190 2825 ut
1220 2797 1294 2837 per
1325 2794 1477 2834 aquam

92 2861 175 2904 iret
207 2862 540 2919 Rothomagum,
581 2862 714 2903 fratre
757 2858 926 2900 Adamo
972 2868 1103 2908 usque
1156 2851 1256 2891 illue
1299 2848 1478 2889 eundem

1158 2930 1186 2959 R
1218 2929 1246 2958 n
1279 2918 1304 2957 2

1506 1910 1591 1943 A.D.
1611 1913 1703 1941 12⁴5.
