1905 3180
221 1932 330 1965 Three
346 1934 402 1965 dc·

218 1987 312 2018 grees
328 1979 366 2009 of

217 2032 347 2064 prayer.

434 241 518 281 452
930 248 1035 278 Anae
1069 248 1128 278 nn
1160 247 1356 278 mmmm

433 376 542 416 timo
564 373 811 415 dilectionis
832 372 990 414 ccelicae
1024 372 1252 421 domicilio,
1276 373 1392 427 quod
1413 376 1479 414 est
1506 370 1833 414 tabernaculum

433 442 684 489 testimonii,
740 440 1085 482 conservandum
1131 443 1304 496 oportet
1348 440 1558 492 collocari,
1598 440 1674 482 ubi
1717 433 1836 482 testiss

433 510 627 552 monium
664 510 894 565 perhibens
936 509 983 550 in
1025 508 1188 551 divinae
1230 509 1476 565 adoptionis
1517 508 1835 551 haereditariam

432 579 700 627 filiationem,
726 582 768 619 et
800 578 898 619 ideo
943 580 1009 619 est
1050 591 1139 618 non
1173 580 1348 619 tantum
1380 577 1721 627 tabernaculum,
1764 578 1835 619 sed

433 647 761 688 tabernaculum
783 644 1036 687 testimonii.
1102 645 1224 686 Deus
1251 646 1343 700 ipse
1371 645 1498 686 nobis
1525 648 1708 701 apparet
1729 645 1837 701 seip-
1877 634 1879 644 ’

434 730 529 757 sum
572 714 870 766 manifestans,
912 712 1148 754 secundum
1191 713 1308 768 quod
1351 714 1449 769 Ipse
1482 714 1545 755 ait
1587 713 1672 769 [Jo.
1696 713 1833 769 xiv.]:

437 790 458 804 “
493 782 578 834 Qui
600 782 745 839 diligit
774 796 854 833 me,
888 781 1097 837 diligetur
1126 795 1151 822 a
1173 781 1304 823 Patre
1332 796 1439 831 meo,
1473 785 1517 823 et
1549 795 1627 838 ego
1660 781 1836 838 diligam

438 855 458 873 ¹<
491 865 601 899 eum,
640 854 684 891 et
715 849 1005 891 manifestabo
1043 849 1083 890 ei
1126 849 1374 905 meipsum.’'
1448 850 1548 891 Erit
1578 852 1727 891 autem
1759 849 1838 891 hoc
1877 858 1879 870 '

434 919 680 974 thymiama
710 918 926 969 videlicet,
950 920 994 959 et
1016 921 1337 959 sacrosanctum
1369 918 1605 960 salutiferae
1631 918 1838 960 orationis
1876 934 1878 975 ᾗ

435 987 751 1042 spiramentum
794 990 818 1008 ‘⁶
840 989 1037 1027 sanctum
1075 989 1324 1028 sanctorum
1346 1002 1355 1038 3
1379 985 1402 1000 ”
1439 987 1519 1028 hoc
1563 989 1640 1039 est,
1684 988 1838 1028 coetera
1876 977 1878 980 ¹

435 1055 718 1096 sanctitatum
773 1054 886 1095 dona
927 1053 1211 1106 sanctificans,
1256 1057 1300 1096 et
1347 1068 1475 1110 super
1524 1069 1574 1096 ea
1624 1053 1839 1110 spirituali

435 1124 725 1180 praerogativa
772 1123 1066 1178 przecipuum3
1120 1126 1163 1164 et
1216 1122 1313 1164 ideo
1365 1122 1467 1165 talis
1519 1122 1838 1178 compositionis

435 1195 670 1249 mysticum
722 1194 966 1249 thymiama
1018 1196 1145 1235 tanta
1186 1193 1412 1234 inhibetur
1464 1193 1736 1235 districtione
1787 1207 1839 1235 ne

435 1262 514 1303 fiat
536 1262 581 1302 in
602 1276 705 1302 usus
738 1262 949 1303 humanos
981 1276 1245 1318 perversum,
1268 1262 1323 1303 ad
1356 1261 1646 1318 appetitiones
1677 1264 1839 1317 tempo-
1876 1295 1877 1298 ,

438 1330 606 1379 ralium,
657 1331 772 1384 quod
824 1334 952 1371 tanta
989 1330 1253 1372 Divinitatis
1306 1330 1536 1386 diligentia
1587 1344 1839 1372 conversum
1876 1376 1877 1383 1

439 1402 504 1439 est
538 1399 584 1438 in
618 1398 829 1439 desideria
873 1398 1126 1448 coelestium,
1166 1398 1269 1454 quia
1300 1399 1456 1454 ipsum,
1499 1398 1613 1440 sicut
1653 1398 1841 1440 cernitur
1875 1410 1876 1455 }

440 1480 494 1507 ex
515 1466 594 1517 his,
617 1480 713 1521 quae
735 1481 850 1508 nunc
872 1470 991 1508 tacta
1013 1470 1126 1518 sunt,
1150 1469 1242 1508 tam
1266 1467 1423 1508 celebri
1443 1467 1607 1524 pietate
1629 1466 1839 1509 divinitus

440 1538 747 1585 consecratum5
781 1538 981 1577 sanctum
1013 1538 1079 1577 est
1106 1535 1308 1577 Domino.

1010 1707 1114 1750 OAP.
1149 1706 1280 1749 XIII.

488 1817 596 1870 Qus&
623 1830 760 1873 pura,
796 1830 893 1872 quse
922 1815 1101 1871 purior,
1137 1830 1236 1872 qua}
1263 1814 1526 1872 purissima
1557 1820 1617 1858 est
1649 1815 1799 1859 oratio

504 1919 601 1960 Hoc
622 1919 716 1960 loco
738 1918 970 1974 diligenter
991 1918 1349 1974 distinguendum
1371 1932 1460 1959 esse
1491 1918 1762 1974 cognoscitur
1791 1917 1840 1959 de

444 1988 651 2036 oratione,
691 2001 788 2042 quae
830 2001 950 2042 pura,
990 2001 1086 2041 quae
1121 1986 1282 2042 purior,
1325 2001 1422 2042 quae
1463 1986 1703 2042 purissima.
1742 1979 1840 2028 'Est

444 2059 590 2097 autem
627 2055 766 2096 oratio
807 2069 926 2109 pura,
961 2069 1046 2109 qua
1079 2057 1233 2096 oratur
1264 2069 1342 2110 pro
1375 2055 1660 2096 incommodis
1691 2054 1841 2096 transi-

443 2124 566 2165 toriis
588 2122 889 2179 propellendis,
911 2123 981 2164 vel
1012 2122 1324 2178 temporalibus
1354 2123 1588 2164 commodis
1616 2123 1840 2179 suscipien-

444 2190 539 2243 dis‚¹
570 2194 622 2232 ut
650 2190 890 2245 tranquilla
924 2191 981 2232 sit
1019 2191 1194 2232 devotio
1231 2191 1462 2247 corporalis
1496 2191 1839 2233 conversationis.

446 2259 598 2300 Oratio
630 2273 733 2300 vero
763 2258 924 2314 purior,
948 2274 1034 2314 qua
1066 2262 1216 2300 oratur
1246 2274 1324 2315 pro
1357 2259 1606 2315 expiatione
1636 2259 1838 2301 Vitiorum

444 2330 489 2367 et
522 2326 799 2368 institutione
830 2327 1059 2378 virtutum,
1089 2331 1140 2369 ut
1171 2327 1397 2369 moderata
1428 2328 1486 2369 sit
1517 2328 1688 2369 affectio
1719 2330 1839 2369 natu-

446 2395 603 2435 ralium
635 2395 896 2449 passionum.
962 2394 1113 2436 Oratio
1145 2395 1354 2451 insuper2
1386 2396 1617 2451 purissima
1649 2399 1730 2448 est,
1761 2409 1839 2450 qua

447 2466 596 2503 oratur
636 2476 725 2503 non
761 2462 854 2517 jam
887 2477 1067 2504 munera
1105 2464 1274 2519 Sponsi,
1306 2464 1381 2505 sed
1412 2464 1502 2519 ipse
1550 2463 1741 2520 Sponsus
1770 2476 1839 2519 per
1868 2470 1871 2494 ἕ

446 2530 661 2570 sincerum
697 2530 943 2584 languentis
984 2530 1141 2573 animae
1184 2531 1442 2573 desiderium
1484 2532 1741 2588 suspiratur,
1780 2530 1840 2572 vi*

447 2597 602 2638 delicet
632 2600 684 2638 ut
714 2597 844 2639 beata
885 2598 944 2639 sit
986 2600 1301 2641 consummatio
1342 2600 1598 2656 perennium
1644 2597 1837 2642 desideri-

498 2736 504 2753 ¹
543 2746 604 2775 pro
639 2735 853 2776 suscipiendis
894 2735 1116 2777 temporalibus
1206 2740 1219 2757 ¹·'
1241 2737 1382 2778 (lenique,
1403 2739 1441 2769 B.

448 2786 621 2822 commodis,
640 2786 689 2818 vel
705 2788 902 2819 incommodis
920 2791 1114 2821 transitoriis

444 2839 667 2882 propellendis,
683 2841 721 2872 B.
