1905 3180
229 1968 301 2000 The
318 1973 383 2000 two

229 2015 371 2048 Swords.

442 273 525 315 436
916 279 1021 309 ADAE
1054 279 1115 309 DE
1146 277 1343 309 MAmsco

443 408 466 426 ‘⁶
499 404 698 445 omnibus
745 405 923 458 propter
969 416 1128 443 nomen
1159 416 1313 443 meum.
1379 401 1467 452 Qui
1510 403 1658 442 autem
1702 411 1842 454 perse-

445 476 467 493 “
499 471 754 512 veraverint
798 484 934 525 usque
979 470 1026 510 in
1069 470 1214 518 finem,
1254 470 1324 511 hic
1367 469 1513 510 salvus
1553 467 1673 510 erit.''
1741 466 1844 507 Pro-

444 553 607 594 ponens
649 538 869 593 apostolus
901 537 1238 578 annunciatores
1274 537 1391 588 fidei,
1435 536 1568 577 dicit:
1635 540 1657 557 “
1681 533 1844 585 Sancti,

446 612 468 628 ‘⁴
502 606 693 647 ludibria
735 609 778 646 et
820 605 1003 646 verbera
1045 605 1228 660 experti,
1272 604 1450 660 insuper
1497 607 1542 645 et
1585 602 1761 644 vincula
1802 603 1846 642 et

446 680 468 695 “
501 688 698 724 carceres,
752 673 939 729 lapidati
981 676 1098 723 sunt,
1142 676 1231 714 sect
1302 675 1417 723 sunt,
1469 670 1677 727 temptati
1729 672 1844 720 sunt,

447 742 549 782 “in
593 741 804 783 occisione
845 741 983 796 gladii
1036 740 1203 781 mortui
1250 744 1383 781 sunt:
1438 739 1749 781 circumierunt
1799 737 1846 778 in
1904 733 1905 738 ¹

447 814 469 831 “
503 810 685 858 melotis,
740 810 786 849 in
839 808 1029 863 pellibus
1082 807 1282 863 caprinis,
1336 811 1525 863 egentes,
1591 804 1845 862 angustiati,

503 877 664 928 afflicti,
710 877 868 931 quibus
900 877 1057 931 dignus
1088 890 1176 917 non
1212 878 1307 916 erat
1344 875 1561 926 inundus3
1614 874 1660 914 in
1696 873 1848 914 solitu-

503 945 679 985 dinibus
712 948 921 994 errantes,
959 944 1007 984 in
1044 943 1268 984 montibus
1302 947 1347 984 et
1381 943 1427 983 in
1457 942 1682 998 speluncis,
1717 944 1762 983 et
1802 941 1847 981 in

502 1013 700 1053 cavernis
736 1015 873 1053 terrae.
948 1011 1008 1052 Et
1041 1012 1087 1052 hi
1126 1025 1274 1052 omnes
1312 1010 1566 1052 testimonio
1602 1009 1705 1051 fidei
1751 1022 1847 1064 pro-

501 1080 596 1120 bati
628 1080 803 1120 inventi
834 1082 937 1120 sunt
979 1079 1023 1119 in
1066 1079 1241 1120 Christo
1277 1079 1306 1119 J
1310 1093 1385 1120 esu
1426 1078 1618 1120 Domino
1659 1075 1850 1118 nostro.’'

448 1148 673 1189 Praecones
695 1147 820 1203 regni
854 1146 1072 1188 Dominus
1094 1146 1344 1195 instituens,
1403 1150 1426 1168 “
1445 1146 1493 1188 Si
1518 1144 1653 1200 quis,’'
1689 1144 1846 1199 inquit,

449 1220 470 1237 “
504 1216 603 1256 vult
639 1218 740 1270 post
774 1229 843 1256 me
874 1215 1036 1265 venire,
1073 1214 1264 1269 abneget
1307 1214 1601 1269 semetipsum,
1641 1217 1685 1254 et
1721 1212 1849 1253 tollat

448 1287 469 1304 “
502 1297 669 1323 crucem
713 1297 835 1323 suam
879 1285 922 1323 et
964 1285 1173 1337 sequatur
1214 1296 1291 1323 me.
1372 1281 1458 1332 Qui
1501 1281 1619 1322 enim
1660 1280 1849 1321 voluerit
1895 1281 1897 1287 '

502 1350 695 1390 animam
728 1364 851 1390 suam
884 1349 1051 1390 salvam
1073 1349 1223 1399 facere,
1250 1349 1406 1404 perdet
1439 1363 1564 1390 eam:
1598 1348 1673 1403 qui
1702 1350 1848 1389 autem

503 1417 744 1472 perdiderit
776 1417 969 1458 animam
1001 1431 1124 1457 suam
1161 1420 1340 1472 propter
1370 1432 1451 1468 1116,
1484 1416 1686 1458 inveniet
1717 1414 1848 1457 eam.’'
1896 1416 1897 1425 ¹

449 1484 504 1525 In
552 1499 637 1539 quo
680 1485 906 1534 radicavit,
942 1484 1091 1534 crevit,
1131 1484 1416 1526 fructificavit
1464 1484 1652 1535 ecclesia,
1687 1484 1771 1524 nisi
1802 1483 1848 1524 in

447 1566 571 1593 cruce
609 1552 800 1603 Domini,
834 1552 919 1592 nisi
964 1552 1011 1592 in
1055 1552 1279 1592 cruoribus
1323 1553 1633 1607 apostolorum,
1676 1551 1761 1592 nisi
1804 1551 1848 1592 in
1899 1605 1901 1610 Ι

448 1619 703 1660 vulneribus
735 1622 1011 1673 martyrum?
1074 1618 1201 1660 Certe
1233 1620 1422 1675 pretiosa
1443 1623 1508 1660 est
1540 1619 1587 1660 in
1619 1622 1848 1674 conspectu

450 1686 630 1728 Domini
662 1701 777 1728 mors
809 1690 1061 1727 sanctorum
1094 1687 1193 1742 ejus.

447 881 470 898 (ζ

448 950 468 966 ζ(

446 1017 468 1033 (ί

447 1084 469 1101 ί(

448 1354 470 1371 ί(

448 1421 471 1438 (ζ

1055 1843 1158 1886 CAP.
1192 1843 1245 1885 X.

511 1965 582 2007 Sic
615 1980 715 2021 ergo
748 1980 986 2006 asseremus
1017 1966 1214 2021 gladium
1246 1965 1520 2021 spiritualem
1563 1966 1848 2008 exercendum
1902 1983 1903 1986 ¹

450 2033 546 2073 viro
588 2033 888 2084 ecclesiastico,
923 2036 975 2074 ut
1012 2033 1263 2075 nullatenus
1296 2033 1351 2074 ad
1384 2048 1484 2074 eum
1531 2033 1750 2089 pertinere
1790 2034 1848 2074 fa-

452 2103 627 2140 teamur
658 2100 962 2142 materialem?
1021 2100 1340 2155 Nequaquam3
1374 2101 1602 2156 utriusque
1635 2101 1847 2156 siquidem

452 2181 556 2207 usus
588 2181 664 2221 per
694 2167 838 2222 ipsum
877 2171 943 2209 est
975 2168 1180 2223 agendus,
1214 2168 1290 2209 sed
1327 2167 1589 2210 differenter.
1644 2169 1770 2220 Quod
1800 2171 1848 2209 ut

454 2238 616 2289 pateat,
643 2235 924 2276 attendamus
948 2236 1084 2276 verba
1106 2236 1314 2291 sapientis
1337 2236 1510 2291 praefati
1532 2237 1588 2277 ad
1610 2236 1846 2292 principem

454 2301 731 2342 ecclesiarum
765 2302 956 2344 directa:
1006 2307 1027 2324 “
1052 2303 1148 2343 Hoc
1185 2303 1314 2343 modo
1349 2303 1650 2359 evangelizare
1682 2316 1846 2359 pascere

458 2372 479 2388 “
514 2372 605 2408 est:
643 2382 749 2423 opus
781 2369 846 2409 fac
881 2370 1173 2425 evangelistae,
1198 2373 1242 2411 et
1276 2371 1464 2425 pastoris
1497 2385 1603 2426 opus
1624 2368 1847 2426 implesti.”

456 2439 477 2454 ‘⁶
511 2434 770 2484 Dracones‚’'
800 2435 958 2490 inquis,
995 2443 1102 2477 “me
1134 2451 1282 2478 mones
1313 2452 1484 2492 pascere
1519 2442 1562 2479 et
1595 2439 1844 2494 scorpiones,
1892 2477 1895 2484 2

511 2516 599 2541 non
633 2516 742 2542 oves.
824 2503 1006 2558 Propter
1053 2504 1144 2554 hoc,
1190 2504 1382 2559 inquam,
1426 2505 1565 2561 magis
1617 2505 1845 2561 aggredere

513 2583 593 2617 eos,
634 2583 722 2609 11011
758 2569 881 2621 ferro,
912 2570 986 2611 sed
1020 2572 1162 2613 verbo.
1241 2572 1356 2623 Quid
1390 2576 1439 2613 tu
1472 2573 1613 2614 denno
1645 2586 1844 2629 usurpare
1892 2606 1894 2613 .

509 2636 705 2690 gladium
734 2640 933 2691 tempteS,
967 2653 1095 2692 quem
1129 2640 1261 2680 semel
1296 2640 1442 2694 jussus
1477 2655 1521 2681 es
1558 2655 1765 2696 reponere
1799 2640 1843 2681 in

512 2703 730 2758 vaginam.
809 2704 927 2745 Tuus
974 2720 1074 2761 ergo
1119 2710 1164 2747 et
1210 2707 1314 2762 ipse,
1363 2711 1441 2749 tuo
1502 2707 1683 2749 forsitan
1737 2711 1843 2749 nutu
1892 2696 1894 2718 ³

512 2771 593 2811 etsi
629 2785 717 2811 non
752 2774 829 2811 tua
862 2786 992 2812 manu
1038 2774 1348 2829 evaginandus.
1419 2775 1631 2830 Alioquin
1662 2776 1697 2816 si
1729 2774 1842 2816 nullo
1892 2808 1894 2814 .

517 2839 643 2880 modo
687 2839 741 2879 ad
780 2842 823 2880 te
865 2840 1101 2894 pertineret
1151 2845 1195 2882 et
1233 2842 1289 2893 Is,
1336 2841 1584 2884 dicentibus
1628 2842 1840 2899 apostolis,

456 2505 478 2522 ζ(

456 2572 478 2590 (ζ

456 2640 477 2657 (l

456 2708 479 2725 <C

458 2776 479 2793 (ζ

456 2844 465 2862 ί

471 2844 479 2861 ἡ
