1905 3180
428 281 513 322 320
903 287 1013 319 ADAE
1044 287 1105 317 DE
1136 285 1335 318 MAR1sco

422 418 577 459 rogans
609 407 659 445 ut
690 404 735 444 in
767 418 893 445 causa
936 406 1073 444 tantae
1117 402 1267 443 salutis
1314 402 1418 457 quid
1461 402 1573 444 facto
1622 416 1728 458 opus
1769 402 1825 444 sit

422 473 527 514 mihi
560 472 788 514 rescribere
820 472 928 513 velit
971 470 1254 527 benignitatis
1299 474 1454 514 vestrae
1498 471 1642 513 sollers
1678 470 1825 513 indus-

422 539 533 581 tria.¹

481 609 563 650 Pro
595 608 726 649 fratre
758 608 807 649 A.
842 608 894 649 de
927 607 1237 649 Bechesoueres
1269 610 1313 649 et
1356 606 1489 648 fratre
1534 607 1583 647 R.
1618 606 1670 647 de
1706 605 1825 647 Wal-

421 677 553 728 tham,
600 678 710 718 sicut
753 678 857 717 alias
910 676 1000 725 feci,
1050 691 1137 716 non
1181 676 1299 731 piget
1343 676 1502 717 iterum
1551 675 1824 730 interpellare

420 746 697 803 paternitatis
729 749 885 786 vestrae
918 743 1262 793 sollicitudinem,
1287 746 1337 785 ut
1370 744 1539 785 eosdem
1571 743 1617 784 in
1648 743 1825 798 pacifica

421 814 721 865 consolatione,
737 813 847 854 sicut
868 812 1076 853 noveritis
1099 816 1143 853 et
1164 812 1397 861 volueritis,
1417 814 1592 867 propter
1612 811 1824 854 intuitum

422 881 659 922 Salvator-is
706 880 936 921 salubriter
966 879 1212 921 lucrifacere
1247 880 1469 929 studeatis,
1504 880 1620 934 quod
1661 882 1705 920 et
1738 878 1826 921 Do-

419 950 536 990 mino
568 949 764 1004 propitio,
808 949 898 989 sine
929 947 1182 988 difficultate
1215 948 1424 990 valebitis.
1489 947 1654 989 Forsan
1698 962 1824 1003 expe-

420 1017 532 1058 diret
564 1021 623 1065 ut,
657 1017 734 1058 ubi
765 1031 842 1073 ego
875 1030 1027 1066 moror,
1061 1019 1254 1058 maneret
1285 1016 1415 1058 etiam
1445 1015 1715 1072 supradictus
1742 1015 1825 1058 fra-

419 1090 486 1127 ter
507 1084 576 1127 A.2

477 1153 767 1195 Petitionibus
818 1153 934 1202 meis,
985 1166 1089 1207 quas
1138 1153 1253 1208 apud
1312 1153 1571 1194 suavitatem
1632 1154 1821 1195 vestram

417 1236 583 1277 semper
613 1221 747 1262 vestri
777 1220 927 1278 gratia,
961 1221 1008 1260 ni
1052 1219 1251 1275 repellit3
1284 1221 1523 1276 desperatio
1567 1220 1821 1275 displicendi

420 1290 661 1345 specialiter
707 1290 892 1330 inserere
939 1289 1087 1329 curavi
1136 1289 1373 1343 subjectam
1410 1289 1672 1330 humilitatis
1705 1289 1824 1330 obse-

419 1358 663 1407 crationem,
696 1357 895 1398 videlicet
938 1361 988 1398 ut
1024 1357 1114 1398 sine
1145 1372 1277 1399 morae
1322 1357 1544 1412 dispendio
1589 1357 1644 1397 ad
1690 1355 1823 1397 refor-

418 1426 620 1467 mandam
649 1426 816 1481 plenius
852 1425 1108 1466 venerabilis
1140 1425 1283 1479 patris,
1315 1424 1461 1466 fratris
1489 1424 1519 1466 J
1522 1459 1529 1466 .
1560 1424 1612 1465 de
1636 1422 1825 1480 Rading*

421 1494 660 1542 sanitatem,
711 1508 806 1548 quae
853 1507 928 1548 per
975 1493 1235 1534 Divinitatis
1289 1493 1475 1550 gratiam
1521 1493 1567 1534 in
1622 1493 1821 1548 proximo

419 1565 682 1617 proventura
725 1564 931 1616 speratur,
969 1575 1080 1616 saepe
1123 1560 1289 1602 dictum
1336 1561 1515 1602 fratrem
1563 1561 1614 1602 A.
1658 1561 1709 1602 de
1743 1561 1824 1603 Be-

422 1630 667 1671 chesoueres
691 1629 906 1670 Oxoniam
934 1629 1067 1683 juxta
1098 1628 1284 1670 fratrum
1317 1628 1577 1670 desiderium
1599 1629 1823 1671 remittere

420 1712 508 1739 non
552 1698 718 1739 ducatis
764 1697 1003 1752 indignum.
1056 1697 1128 1738 Ad
1175 1697 1409 1752 supplicem
1453 1697 1658 1739 fraternae
1712 1712 1824 1739 com-

419 1766 627 1821 passionis
674 1765 940 1814 instantiam,
975 1765 1090 1819 apud
1121 1765 1240 1820 pium
1287 1766 1458 1819 paterni
1489 1766 1674 1820 pectoris
1706 1766 1822 1807 arbi-

419 1834 554 1874 trium
600 1833 900 1874 indubitanter
940 1832 1044 1873 novi
1086 1847 1173 1873 non
1222 1833 1495 1874 mediocriter
1525 1833 1818 1884 favorabilem,

421 1916 516 1942 cum
577 1904 738 1956 quanto
795 1914 967 1955 possum
1030 1900 1187 1941 affectu
1247 1900 1586 1955 deprecatoriam
1632 1902 1820 1959 adjungo

420 1969 685 2024 petitionem,
721 1971 771 2009 ut
802 1968 980 2009 fratrem
1014 1968 1056 2009 P.
1094 1969 1146 2009 de
1182 1968 1411 2018 Londino,5
1440 1983 1567 2024 quem
1604 1973 1655 2011 ut
1699 1984 1820 2025 spero

420 2038 474 2077 ad
506 2037 724 2078 cumulum
767 2036 1021 2076 meritorum
1063 2050 1217 2077 manus
1264 2036 1443 2077 Domini
1489 2037 1820 2080 misericorditer

420 2104 626 2159 tetigerit,
661 2104 729 2144 cui
776 2104 885 2144 sicut
939 2104 1067 2145 audio
1113 2102 1248 2145 citra⁶
1279 2105 1603 2159 requisitionem
1656 2106 1820 2161 impen-

420 2172 570 2213 dendae
623 2171 823 2219 caritatis
873 2172 927 2211 ad
974 2171 1119 2212 fratris
1175 2175 1265 2212 tam
1314 2171 1462 2213 afflicti
1512 2173 1726 2223 solatium,
1774 2175 1820 2216 in

422 2238 623 2280 subsidiis
670 2238 922 2292 providetur
968 2239 1211 2288 victitandi,
1266 2241 1454 2281 maxime
1507 2245 1718 2296 quantum
1764 2243 1819 2284 ad

420 2308 500 2348 loci
524 2309 568 2347 et
590 2306 804 2346 societatis
837 2307 1182 2361 competentiam,
1208 2307 1272 2348 ita
1293 2309 1640 2350 recommendare
1662 2311 1817 2352 curetis

421 2374 707 2415 dilectissimis
754 2374 950 2428 patribus
996 2378 1040 2415 et
1086 2374 1292 2416 fratribus
1334 2376 1489 2417 vestris
1532 2391 1678 2418 curam
1737 2378 1818 2419 sra—

419 2447 535 2484 trum
566 2441 751 2481 Londini
783 2442 1022 2497 agentibUS,
1053 2446 1183 2498 prout
1216 2446 1259 2484 et
1291 2444 1450 2486 divinae
1479 2444 1699 2487 voluntati
1735 2460 1817 2488 ser-

463 2651 471 2669 ¹
498 2650 558 2683 See
573 2650 677 2691 Epist.
694 2649 853 2683 CCVIII.
1187 2651 1198 2669 ⁴
1220 2651 1396 2694 Formerly
1410 2652 1525 2685 Abbot
1534 2654 1573 2685 of
1585 2653 1726 2696 Oseney.
1757 2653 1817 2687 See

465 2730 477 2746 2
502 2727 563 2760 see
580 2727 684 2768 EPiSt'
702 2727 835 2760 CCXL*
1146 2703 1559 2789 ΤῗοὲὶῗὶξίΕρέὲθῗὲἓὲέιὲ
1576 2709 1627 2739 16.
1664 2758 1714 2791 rdi
1735 2769 1757 2790 n
1781 2758 1818 2790 of

462 2806 473 2824 ³
496 2802 524 2836 η’
540 2803 684 2846 repellit5
702 2815 737 2836 so
751 2805 892 2843 written,
911 2807 975 2837 and
992 2807 1096 2839 added
1149 2809 1279 2848 Bruges
1296 2766 1337 2838 ?p
1360 2809 1421 2841 See
1437 2820 1467 2850 p.
1488 2813 1537 2842 14.
1562 2782 1570 2796 ‚
1597 2769 1662 2800 gua
1716 2769 1733 2791 ²³

421 2859 454 2889 in
474 2858 528 2890 the
545 2862 614 2889 text
630 2857 675 2899 by
692 2857 829 2889 another
844 2857 942 2889 hand.
1115 2841 1118 2865 ¹
1192 2861 1203 2877 ⁶
1228 2862 1295 2897 ciza,
1314 2861 1386 2893 Ms,
