1905 3180
423 240 507 279 520
915 240 1058 273 PRIMA
1090 238 1325 272 FUNDATIO

482 370 608 418 Item,
643 382 756 409 anno
781 366 961 408 Domini
987 375 1284 406 M.(:CCCXXHI.
1318 362 1452 404 frater
1482 362 1669 404 Thomas
1686 361 1822 417 VVyn-

421 437 593 491 chelsey
624 436 726 477 fecit
757 449 920 476 novum
965 447 1149 481 murum,
1185 446 1282 473 cum
1316 431 1426 472 ostio
1469 434 1512 472 et
1544 431 1743 479 fenestra,
1778 429 1824 470 in

419 504 632 545 lavatorio
658 503 793 558 juxta
823 501 1104 549 vestibulum,
1139 503 1182 541 et
1214 499 1428 540 exaltavit
1460 502 1634 548 terram,
1661 498 1717 539 ad
1748 511 1822 538 ex-

419 586 572 626 pensas
603 571 693 612 xlii.
717 570 789 611 sol.
824 570 893 610 1.(1.

509 643 607 688 tem,
654 638 803 679 eodem
848 651 972 686 anno,
1031 635 1141 676 circa
1183 634 1467 675 vitrationem
1518 633 1716 674 fenestrae
1767 632 1822 673 ad

419 707 580 747 ostium
622 705 834 747 barbariae
879 707 922 745 et
970 704 1153 744 duarum
1207 716 1336 757 supra
1379 702 1570 751 eandem,
1604 704 1648 742 et
1679 701 1741 741 iii.
1776 700 1823 740 in

419 774 560 815 medio
584 773 863 814 ambulatorii
885 772 1018 826 juxta
1041 770 1191 811 cellam
1214 769 1413 825 magistri
1436 769 1582 818 studii,
1605 768 1664 809 iv.
1690 768 1821 809 libras

418 855 457 882 V.
491 841 563 883 sol.
586 841 675 882 viii.
692 841 757 890 d.;
790 843 833 881 et
865 839 1006 879 multa
1028 837 1122 887 alia,
1157 851 1254 892 quae
1284 852 1373 877 non
1404 840 1506 878 sunt
1537 840 1652 877 nota.
1686 835 1821 890 Cujus

419 908 575 950 animze
607 908 869 963 propitietur
891 907 1019 947 Deus.
1054 906 1206 946 Amen.

480 975 594 1016 Item
628 975 679 1015 de
711 973 1000 1015 ambulatorio
1034 988 1162 1028 supra
1194 987 1367 1013 murum
1398 971 1622 1021 refectorii,
1662 985 1739 1027 pro
1772 986 1821 1012 eo

417 1043 533 1097 quod
563 1041 841 1097 nequivimus
873 1055 1042 1081 servare
1073 1040 1302 1095 plumbum
1343 1040 1505 1094 absque
1536 1039 1821 1080 instillatione

414 1110 576 1165 pluviae
609 1124 737 1164 supra
774 1123 960 1157 murum,
1006 1123 1215 1163 magnum
1250 1107 1490 1163 periculum
1524 1107 1637 1147 muri
1671 1110 1714 1148 et
1746 1107 1820 1147 do-

415 1192 521 1227 mus,
560 1177 642 1232 [et]
666 1180 892 1231 coopertus
925 1179 990 1216 est
1022 1190 1171 1215 murus
1216 1190 1313 1216 cum
1346 1174 1507 1230 tegulis
1541 1171 1819 1216 conformiter

416 1246 471 1286 ad
494 1245 709 1299 reliquum
731 1243 849 1293 tecti,
873 1244 929 1284 ad
951 1257 1162 1298 expensas
1183 1243 1277 1283 xiii.
1297 1242 1506 1283 lilnarum
1523 1242 1628 1283 xvii.
1651 1242 1722 1283 sol.
1740 1242 1764 1282 i.
1781 1242 1817 1284 d.

407 1312 489 1372 ‘Ad
530 1312 607 1353 has
640 1325 849 1366 expensas
883 1311 1003 1352 dedit
1037 1311 1271 1366 gardianus
1307 1310 1476 1351 Russell
1507 1310 1564 1350 iii.
1599 1310 1741 1360 libras
1776 1314 1819 1352 et

412 1380 545 1420 frater
567 1379 752 1419 Thomas
774 1378 1064 1434 Wynchelsey
1086 1378 1146 1418 vi.
1170 1379 1302 1419 libras
1323 1393 1362 1418 X.
1387 1378 1459 1419 sol.
1491 1392 1530 1418 V.
1547 1378 1583 1418 d.
1607 1393 1616 1429 3
1647 1382 1691 1419 et
1722 1392 1820 1420 con-

414 1450 572 1488 ventus
604 1446 667 1486 iii.
702 1447 845 1487 libras.

474 1514 805 1555 Memorandum
851 1514 966 1568 quod
1012 1512 1146 1554 frater
1198 1514 1396 1555 Andreas
1444 1514 1629 1563 Bavard,
1689 1528 1819 1555 sacrae

411 1580 642 1636 theologiae
686 1581 906 1636 professor,
956 1595 1069 1621 anno
1117 1580 1296 1621 Domini
1343 1592 1632 1630 MCCCCXCIV„
1665 1581 1818 1623 videns

411 1649 587 1690 chorum
623 1649 809 1690 fratrum
842 1648 1060 1689 minorum
1094 1648 1341 1698 Londoniae,
1377 1649 1522 1690 minus
1568 1649 1677 1690 bene
1723 1649 1818 1704 [de-

411 1716 628 1771 co]ratum
649 1716 771 1756 libris
803 1715 1056 1764 choralibus,
1091 1720 1235 1757 mente
1268 1717 1442 1772 concepi
1473 1731 1561 1757 non
1591 1731 1713 1772 posse
1735 1717 1817 1759 616-

409 1798 637 1838 emosynas
652 1783 887 1823 amicorum
910 1815 917 1822 .
942 1816 950 1824 .
976 1815 984 1824 .
1007 1815 1014 1822 .
1037 1796 1231 1823 meorum
1248 1783 1401 1825 melius
1423 1785 1664 1840 expendere
1687 1799 1817 1839 quam

409 1851 456 1891 in
487 1851 610 1891 libris
642 1849 880 1890 scribendis
912 1849 1174 1901 choralibus,
1207 1851 1262 1892 ad
1305 1851 1478 1893 laudem
1516 1852 1736 1908 [Domini]
1771 1856 1815 1894 et

409 1918 465 1959 ad
497 1918 690 1973 ejusdem
723 1917 885 1958 divinae
916 1917 1057 1958 laudis
1090 1918 1473 1960 continuationem.
1540 1919 1816 1975 Quapropter

410 1985 622 2026 conduxit
653 1999 723 2025 me
755 2017 762 2025 .
798 2017 804 2024 .
838 2017 846 2024 .
880 2017 886 2024 .
920 1999 1057 2025 unum
1091 1986 1354 2040 scriptorem,
1391 1987 1465 2040 qui
1501 1987 1674 2043 scripsit
1704 1987 1813 2028 mihi

410 2068 547 2093 unum
578 2051 877 2107 legendarium
910 2052 957 2092 in
990 2052 1157 2094 duabus
1189 2053 1398 2109 partibus,
1434 2058 1478 2095 et
1511 2088 1517 2095 .
1552 2088 1559 2095 .
1593 2087 1601 2096 .
1633 2088 1640 2096 .
1676 2069 1813 2096 unum

410 2119 766 2175 antiphonarium
794 2119 841 2159 in
873 2119 1040 2160 duabus
1072 2121 1280 2175 partibus,
1315 2125 1359 2162 et
1390 2136 1527 2162 unum
1559 2122 1811 2177 psalterium

410 2191 455 2228 et
517 2201 654 2227 unum
718 2186 982 2241 gradualem,
1052 2191 1096 2228 et
1140 2187 1275 2229 alium
1341 2188 1609 2244 impressum,
1668 2193 1712 2231 et
1763 2190 1810 2231 in
1853 2240 1858 2243 -

410 2254 560 2295 multis
591 2253 685 2294 aliis
717 2254 925 2308 reparavi.
989 2253 1086 2295 Et.¹
