1905 3180
661 232 893 277 EPI'STOLAE.
1387 238 1471 279 233

707 439 820 482 CIV.

78 539 355 583 Honorabili
380 539 489 594 viro,
513 541 732 597 ‘massi-stro
754 542 799 585 J.
830 542 883 585 dc
916 542 1139 599 Offinton,¹
1163 542 1326 586 Frater
1353 544 1472 587 Adeo.

138 643 310 685 Littera
373 659 504 699 quam
568 645 814 687 modicitati
877 660 984 688 meae
1057 645 1198 687 fidelis
1266 647 1473 689 amicitiae
1492 647 1637 679 Aletter
1653 646 1690 678 of

78 714 238 753 vestrae
294 711 622 767 circumspectio
683 727 823 768 nuper
865 713 1084 755 destinare
1139 713 1320 763 curavit,
1375 714 1476 756 11061
1492 691 1645 768 zitrenu-

80 793 150 820 cor
213 779 407 820 saucium
479 780 570 821 zelo
637 781 943 835 compassionis
1015 780 1274 831 anxiaverit,
1328 786 1476 823 tamen

80 846 252 901 pavidae
304 847 442 888 menti
505 847 595 902 spei
651 848 890 889 remedium
952 848 1171 904 ingessit;
1233 848 1476 904 proferebat

81 914 239 955 etenim
302 928 495 955 amaram
554 915 822 970 agnitionem
887 916 1176 958 admissorum
1228 931 1476 958 excessuum

80 984 123 1022 et
167 982 518 1037 corrigendorum
549 987 727 1024 actuum
760 987 1015 1039 conceptum
1059 984 1304 1025 salutarem.
1360 984 1476 1035 Quid

81 1052 211 1104 ergo?
279 1049 476 1101 Qualiter
522 1050 587 1091 1111
630 1051 745 1105 quod
792 1054 884 1092 tam
918 1051 1193 1092 formidabile
1236 1052 1472 1093 discrimen

82 1117 324 1172 aspicimuS,
358 1121 453 1158 tum
497 1121 674 1173 propter
726 1119 880 1160 salutis
930 1119 1111 1168 ruinam,
1158 1123 1254 1160 tum
1301 1123 1477 1174 propter

81 1197 256 1225 naevum
294 1185 519 1240 opinionis,
556 1186 719 1241 poterit
751 1186 840 1227 fore
874 1186 1127 1241 provisum?
1212 1186 1477 1232 Nullatenus

82 1252 288 1307 profecto,
353 1253 439 1294 nisi
482 1253 716 1295 dumtaxat
771 1254 818 1294 in
874 1254 965 1302 hoc,
1022 1257 1073 1295 ut
1129 1258 1227 1309 post
1288 1255 1478 1295 infusam

80 1320 328 1362 necessariae
360 1321 705 1376 compunctionis
736 1321 936 1376 gratiam,
971 1336 1048 1377 per
1079 1321 1282 1377 spiritum
1314 1322 1479 1363 consilii

82 1388 310 1430 salubriter
351 1389 578 1430 subeamus
609 1389 656 1430 in
703 1389 904 1444 spiritum
947 1388 1234 1439 fortitudinis,
1270 1389 1479 1431 adminis-

81 1455 284 1497 trandam
327 1456 644 1511 poenitentialis
687 1457 884 1498 exercitii
926 1457 1294 1512 perseverantiam
1335 1457 1480 1512 piacu-

83 1522 223 1564 lorum
276 1524 598 1566 immanitatem
660 1525 875 1580 condigna
942 1524 1227 1566 districtionis
1302 1539 1482 1566 censura

83 1592 352 1634 vindicantes
397 1592 633 1642 indefesse;
683 1596 807 1634 tanto
851 1593 1061 1648 siquidem
1112 1593 1311 1635 solliciori
1353 1597 1480 1634 rectze

84 1660 262 1701 rationis
317 1660 525 1716 cogentia,
569 1661 694 1702 nobis
727 1661 772 1701 id
809 1661 1027 1717 agendum
1075 1676 1164 1703 esse
1196 1661 1479 1717 cognoscitur,

85 1731 248 1783 quanto
284 1728 407 1769 tituli
442 1728 651 1779 clariores,
675 1732 768 1770 tam
801 1743 855 1769 ex
890 1729 1107 1784 dignitate
1142 1730 1312 1784 gradus,
1352 1744 1481 1784 quam

84 1808 138 1835 ex
174 1795 367 1837 scientiae
404 1795 707 1850 praecellentia,
751 1810 880 1851 quam
923 1796 1057 1837 etiam
1092 1796 1219 1838 famae
1261 1796 1479 1843 solemnio,

85 1862 390 1904 detestandum
444 1867 605 1905 nostrae
647 1863 1021 1918 praevaricationis
1070 1863 1248 1914 facinus,
1306 1867 1351 1905 et
1396 1863 1479 1905 Dei

87 1929 303 1979 offensam,
342 1934 387 1971 et
420 1934 589 1971 reatum
620 1931 908 1983 conscientiae,
944 1934 988 1973 et
1023 1931 1322 1986 proximorum
1356 1945 1478 1972 scan-

87 1997 235 2038 dalum
267 1998 547 2053 perniciosius
581 2002 888 2054 aggravarunt.

150 2065 236 2106 Sed
265 2065 400 2120 quid?
453 2066 759 2117 Attendamus,
794 2066 853 2107 mi
891 2066 1199 2115 amantissime,
1239 2067 1354 2121 quod
1384 2081 1481 2108 cum

88 2133 482 2189 praevaricatricem
531 2134 721 2175 animam
769 2149 1008 2190 provocans
1065 2135 1120 2176 ad
1170 2134 1481 2190 poenitentiam

88 2201 366 2256 przemisisset
424 2202 617 2243 divinius
676 2202 921 2258 propheta:
978 2202 1164 2253 “Quam
1213 2201 1312 2243 vilis
1367 2202 1516 2243 facta·

91 2276 112 2290 “
145 2284 200 2321 es,
241 2269 374 2311 nimis
410 2270 577 2311 iterans
618 2270 713 2311 vias
745 2274 857 2320 tuas,
893 2274 937 2312 et
977 2270 1033 2311 ab
1076 2269 1270 2326 AEgypto
1306 2270 1483 2311 confun-

89 2343 111 2358 “
143 2338 255 2379 deris
272 2338 307 2389 ;’'
338 2338 521 2394 aliisque
553 2342 645 2379 tam
682 2338 936 2379 terribiliter
968 2338 1152 2380 annexis
1179 2342 1270 2379 tam
1304 2338 1485 2379 clemen—

88 2409 155 2447 ter
195 2406 302 2448 alias
336 2406 575 2462 subjungit,
620 2406 793 2448 dicens:
830 2406 1012 2462 “Vulgo
1055 2405 1227 2455 dicitur,
1281 2405 1317 2447 si
1358 2405 1484 2447 dimi—

137 2652 248 2685 ¹J0hn
275 2654 314 2685 de
339 2653 483 2685 Offinton
507 2663 574 2685 was
593 2664 697 2685 canon
725 2653 762 2684 of
818 2659 902 2685 most
918 2653 1044 2684 famous
1067 2653 1157 2685 clerk
1173 2652 1207 2683 in
1223 2651 1407 2693 England.”
1452 2650 1486 2682 A

93 2703 264 2748 Salisbury
280 2707 345 2737 and
369 2705 523 2747 chaplain
542 2712 576 2738 to
592 2707 683 2747 Pope
701 2706 757 2737 In·
819 2706 914 2738 letter
927 2706 960 2736 in
973 2716 1124 2737 common
1137 2706 1312 2737 addressed
1320 2710 1352 2736 to
1362 2703 1430 2735 him
1442 2704 1486 2744 by

93 2764 212 2790 nocent
228 2759 291 2790 IV.
338 2759 390 2790 Hc
413 2759 488 2790 died
517 2758 551 2789 in
577 2761 654 2789 1251
674 2770 682 2794 ;
707 2768 758 2789 see
819 2758 945 2798 Bishop
960 2758 1111 2790 Grostete
1127 2759 1192 2789 and
1205 2757 1270 2788 Ad.
1288 2758 1326 2787 de
1344 2755 1487 2787 Mai-iseo

94 2811 173 2842 Mat.
192 2811 286 2842 Paris
310 2810 343 2841 in
360 2811 431 2842 that
457 2820 547 2852 year,
574 2810 649 2841 who
669 2809 760 2851 gives
821 2811 889 2841 will
904 2811 944 2841 be
967 2811 1069 2843 found
1086 2811 1120 2841 in
1146 2809 1314 2841 Browne's
1339 2809 1431 2840 Fasc.
1452 2807 1484 2838 ii.

93 2863 161 2894 him
192 2863 246 2894 the
278 2863 447 2894 character
470 2862 508 2894 of
533 2862 632 2903 being
673 2862 759 2894 “the
822 2873 852 2903 p.
868 2866 941 2895 391.
