1905 3180
165 1053 204 1083 In
221 1051 335 1083 behalf

163 1100 196 1127 ot
213 1107 230 1127 a
247 1097 346 1137 priest

163 1141 281 1171 named

165 1185 285 1216 Adam.

169 1969 208 2001 In
226 1969 339 2000 behalf

170 2014 207 2044 of
218 2014 351 2050 Walter,

170 2057 342 2099 goldsmith

169 2102 202 2132 in
218 2101 272 2132 the
284 2106 371 2132 town

385 247 468 287 240
862 251 966 283 Anxie
999 250 1060 281 DE
1092 249 1287 281 MAmsco

381 372 551 412 coeleste
583 368 839 410 desiderium
876 367 1086 422 religiosam
1119 366 1406 407 institutionis
1434 370 1665 422 gerentem,
1704 382 1780 423 per

381 438 622 493 spirituales
653 436 910 477 necessarios
939 435 1061 476 vobis
1094 434 1333 476 faciendam
1366 436 1599 476 seeundum
1635 435 1777 477 Deum

382 519 631 561 promovere
664 503 861 553 “cm-etis,
916 503 970 543 ob
1022 503 1311 543 aemulandam
1366 503 1548 558 virginei
1603 503 1779 559 pudoris

383 573 721 615 sanctimoniam.
786 571 946 612 Valete.

1023 773 1139 815 CIX.

392 876 500 919 Viro
523 875 720 926 discreto,
748 873 966 929 mci-(sistro
991 872 1137 927 Royer
1158 871 1210 914 <le
1239 872 1466 923 Falci-mae,
1490 873 1650 915 Frater
1674 873 1782 916 Adeo

591 943 825 985 sincerum
856 940 1012 983 debite&
1045 939 1305 982 dilectionis
1336 939 1554 996 affectum.

445 1045 686 1100 Benignam
724 1042 1114 1098 circumspectionis
1146 1044 1303 1083 vestrae
1334 1041 1610 1083 sedulitatem
1643 1045 1783 1083 atten-

385 1114 473 1154 tius
507 1127 610 1168 rogo
648 1115 865 1166 quatenus
898 1110 1120 1152 carissimo
1168 1110 1275 1150 mihi
1308 1110 1355 1150 in
1404 1110 1576 1152 Christo
1614 1110 1788 1152 domino

384 1181 526 1222 Adam
587 1180 849 1235 presbyterO,
896 1179 1176 1234 praesentium
1208 1178 1419 1233 portitori,
1481 1179 1527 1219 in
1572 1179 1782 1233 petitione

384 1264 461 1289 sua
515 1248 629 1303 apud
677 1248 899 1288 dominum
960 1246 1194 1288 Linoolniae
1242 1246 1520 1301 expedienda,
1571 1250 1784 1301 quatenus

385 1317 468 1358 erit
510 1330 648 1357 eomes
692 1315 981 1356 misericordia
1027 1318 1070 1355 et
1106 1314 1266 1355 veritas
1317 1314 1491 1370 praevia,
1538 1315 1783 1357 consultum

386 1383 583 1425 benevoli
617 1383 777 1424 favoris
809 1383 1021 1424 auxilium
1053 1383 1196 1424 velitis
1233 1383 1455 1438 impartiri.

447 1451 614 1499 Valeat,
650 1454 724 1492 eto.

1043 1665 1132 1708 CX.

390 1767 588 1810 Domino
629 1767 686 1809 W.
722 1766 773 1809 (Ze
800 1765 1014 1808 Bmdele¹
1051 1765 1210 1808 Frater
1250 1765 1359 1807 Adeo
1391 1765 1641 1821 Supplicem
1679 1767 1790 1810 obse-

641 1834 815 1891 quialis
847 1833 1066 1876 amicitie&
1090 1833 1518 1890 prompt[tudinem.

450 1948 571 2003 Saepe
620 1948 849 2003 compellor
900 1947 1118 1989 obsecrare
1175 1947 1326 1988 donari
1371 1961 1478 1988 meze
1522 1947 1792 2003 improbitati

389 2017 657 2072 importunas
702 2030 875 2072 precum
926 2015 1199 2070 frequentias,
1254 2015 1370 2070 quod
1416 2019 1460 2056 et
1505 2030 1620 2057 nuno
1670 2016 1790 2067 facio,

389 2098 544 2139 rogans
577 2084 793 2125 attentius
841 2087 1053 2138 quatenus
1099 2083 1307 2132 Waltero,
1355 2083 1572 2125 aurifabro
1617 2085 1797 2126 munici-

169 2146 207 2177 of
220 2145 355 2176 Oxford.
388 2152 490 2206 piali
523 2151 716 2199 Oxoniae,
748 2152 855 2192 mihi
885 2151 1143 2192 multimoda
1174 2166 1283 2193 carae
1315 2151 1641 2193 necessitudinis
1685 2152 1792 2194 obli-

390 2219 562 2274 gatione
595 2219 804 2268 devincto,
850 2219 896 2260 in
928 2222 1108 2275 urgente
1153 2234 1240 2261 suae
1288 2219 1554 2260 necessitatis
1600 2220 1790 2271 articulo,

392 2286 676 2327 desideratam
710 2286 888 2328 efficacis
932 2287 1136 2341 adjutorii
1169 2290 1213 2328 et
1257 2287 1421 2328 consilii
1463 2288 1664 2329 salutaris
1695 2289 1794 2330 sub-

393 2354 652 2404 ventionem,
687 2358 901 2409 quatenus
945 2359 989 2396 et
1032 2355 1279 2396 adhaeretur
1319 2354 1507 2409 justitiae
1542 2359 1586 2397 et
1629 2356 1795 2397 miseri-

393 2421 547 2462 cordiae
611 2422 862 2472 deservitur,
913 2423 1114 2464 exhibere
1176 2437 1264 2464 non
1326 2423 1494 2464 ducatis
1553 2423 1792 2479 indignum.

393 2489 539 2530 Etiam
568 2490 830 2531 suavissimae
863 2490 1085 2531 sedulitati
1117 2491 1279 2532 domini
1312 2490 1491 2532 Roberti
1523 2491 1574 2532 de
1620 2491 1796 2547 Chaury

395 2557 486 2597 vice
532 2557 616 2597 mei
663 2557 853 2611 ejusdem
885 2557 950 2599 W.
984 2559 1218 2614 negotium,
1253 2559 1368 2614 quod
1402 2559 1534 2609 vobis,
1568 2559 1604 2600 si
1640 2560 1793 2615 placet,

396 2624 498 2665 viva
541 2639 643 2666 voce
687 2625 924 2666 insinuabit
967 2626 1155 2667 uberiori
1198 2627 1339 2682 gratia
1385 2627 1792 2678 recommendanteS,

927 2871 933 2891 ¹
947 2871 1006 2904 See
1022 2870 1126 2912 Epist.
1145 2871 1248 2906 CLII.
