1905 3180
649 307 801 336 EPISTo
809 306 830 336 L
837 307 883 336 ΛΕ.

1376 297 1412 335 ξῦ

1442 298 1458 337 να

621 563 906 605 CLXXXVI.

58 700 213 745 Fratri
267 700 335 748 W.¹
382 699 600 742 Ministro
642 699 836 753 ΑΗῃῖὶτυ,
886 700 1046 740 Frater
1089 699 1197 741 Ada
1243 699 1463 743 humilem

207 767 463 811 obedienta&
498 767 772 810 devotionem
808 766 987 824 pariter
1021 772 1058 809 et
1093 767 1315 809 honorem.

119 912 247 953 Pater
282 912 480 967 benigne,
527 911 779 967 suppliciter
821 912 994 953 obsecro
1038 914 1253 966 quatenus
1295 912 1463 954 amicis-
1482 925 1646 966 Bespeaks

61 980 216 1021 simum
259 979 367 1021 mihi
416 979 625 1021 nimirum
668 980 713 1020 in
758 979 946 1021 Domino
988 979 1166 1022 fratrem
1206 980 1254 1021 R.
1298 981 1461 1023 dictum
1481 969 1656 1045 {suff-(1531-

62 1048 329 1097 monachum,
374 1063 469 1090 cum
522 1047 681 1090 fiducia
728 1049 911 1104 supplici
964 1052 1254 1090 revertentem
1306 1049 1463 1090 humil·
1481 1038 1535 1088 ’Ῐι
1554 1058 1679 1090 Rdic-

60 1116 161 1157 lime
203 1116 259 1157 ad
300 1131 388 1167 vos,
428 1119 639 1171 tanquam
672 1116 726 1157 ad
758 1119 975 1171 pastorem
1008 1120 1053 1157 et
1090 1116 1335 1172 episcopum
1373 1117 1464 1158 ani-
1481 1108 1662 1177 {ffuss‘fonffi

61 1199 228 1225 marum
275 1188 532 1233 nostrarum,
578 1199 667 1225 una
708 1199 885 1234 mecum,
939 1185 1019 1226 sub
1072 1189 1276 1226 consueto
1321 1186 1465 1226 suavis

63 1252 300 1294 clementiae
342 1252 595 1307 patrocinio,
649 1252 703 1294 ob
755 1252 875 1307 pium
930 1252 1073 1308 Ipsius
1120 1253 1346 1302 intuitum,
1390 1254 1464 1307 qui

62 1321 136 1371 ait,
171 1320 329 1360 “Eum
364 1320 438 1374 qui
471 1320 593 1361 venit
624 1320 680 1360 ad
711 1334 779 1360 nie
810 1335 899 1361 non
931 1321 1100 1375 ejiciam
1133 1320 1285 1372 foras,''
1317 1321 1362 1361 in
1394 1321 1465 1361 bc·-

62 1388 241 1443 nignam
275 1388 355 1428 lati
390 1388 529 1429 cordis
566 1388 753 1443 gratiam
792 1388 1129 1429 misericorditer
1169 1388 1463 1437 admittentes,

62 1456 199 1497 eidem
241 1458 291 1496 ut
329 1456 564 1505 valueritis,
604 1455 816 1505 videritis,
850 1456 1087 1507 volueritis,
1121 1456 1362 1511 prospicere
1394 1471 1465 1497 ve-

61 1524 149 1565 litis
182 1524 237 1564 ad
269 1538 418 1578 pacem
449 1524 578 1564 simul
610 1527 654 1564 et
685 1523 880 1565 salutem.
950 1523 1108 1566 Valeat
1149 1525 1341 1580 gratiosa
1373 1539 1466 1565 Ves-

62 1595 140 1633 trfe
181 1592 426 1633 sanctitatis
467 1592 743 1633 incolumitas
775 1592 821 1633 in
859 1591 1034 1635 Christo
1076 1591 1183 1635 Jesu
1220 1606 1387 1649 semper
1424 1596 1467 1635 et

63 1660 312 1702 beatissima
345 1660 541 1716 Virgine.

133 1728 230 1769 Hoc
261 1728 423 1784 rogavi,
453 1731 580 1784 pater
611 1728 812 1784 benigne,
844 1728 1037 1770 fraterna
1068 1729 1209 1770 victus
1241 1729 1464 1775 instantia,
1488 1742 1692 1775 Atthetime

65 1797 177 1851 quod
218 1796 303 1837 scio
346 1796 541 1837 faceretis
578 1796 838 1837 omnimodis
880 1800 923 1838 et
959 1796 1006 1837 in
1038 1797 1303 1838 contrarium
1346 1797 1468 1852 adju-
1485 1787 1523 1817 of
1543 1788 1667 1819 receiv-

64 1864 148 1905 rati
189 1878 264 1919 per
306 1878 602 1919 quemcunque
644 1878 698 1905 ne
740 1864 872 1905 fieret.
964 1864 1019 1904 In
1059 1867 1271 1906 {eternum
1314 1864 1466 1906 valete.
1486 1842 1544 1912 1ἓῗ
1560 1832 1617 1906 iiiii
1632 1832 1691 1907 ffgt

67 1934 132 1977 De
168 1935 398 1976 carissimis
433 1935 642 1976 fratribus
675 1935 723 1976 R.
760 1935 875 1976 dicto
910 1935 1131 1984 monacho,
1164 1936 1296 1977 fratre
1331 1936 1381 1976 A.
1416 1935 1468 1976 de
1485 1919 1656 1995 fflssffefhe

68 2002 388 2052 BechesouereS,
424 2003 473 2044 R.
517 2003 569 2044 de
614 2003 701 2044 Sta.
747 2002 894 2052 Cruce,
938 2003 985 2043 111
1026 2003 1267 2058 receptione
1308 2003 1467 2045 litterae
1487 2008 1601 2039 abouts
1618 2009 1656 2039 of

67 2074 220 2113 vestrae
256 2071 333 2112 ubi
370 2070 561 2112 inveniri
600 2074 775 2126 possent
807 2071 981 2126 penitus
1018 2071 1247 2126 ignoravi3
1285 2052 1680 2128 (1110111111ἒῑηζ1ζυ111ζις

66 2138 265 2193 ipsorum,
311 2153 366 2180 sc.
410 2138 545 2180 fratre
589 2138 642 2179 A.
681 2142 725 2179 et
760 2138 893 2180 fratre
932 2138 1123 2180 Roberto
1149 2139 1242 2194 jam
1268 2139 1469 2195 profectis
1487 2142 1551 2172 and
1573 2142 1692 2173 others.

67 2206 113 2247 in
147 2206 375 2247 Franciam
413 2206 469 2247 ad
498 2206 749 2247 ministrum
778 2207 1030 2262 generalem,
1069 2222 1164 2248 cum
1195 2207 1353 2249 litteris
1382 2222 1471 2248 mo-

70 2273 259 2315 dicitatis
290 2288 396 2316 meze
429 2274 748 2329 supplicatoriis
782 2274 1008 2330 sigillatim
1041 2290 1118 2330 pro
1157 2276 1348 2330 ipsorum
1386 2276 1471 2317 sin-

67 2341 178 2395 gulis
205 2344 443 2383 memorato
476 2342 592 2396 patri
625 2342 864 2383 destinatis.
924 2343 1133 2383 Promisit
1165 2343 1305 2385 dictus
1337 2343 1471 2400 frater

70 2409 134 2460 A„
176 2410 291 2463 quod
338 2412 382 2450 et
424 2410 558 2458 credo,
603 2409 696 2451 Deo
732 2410 877 2460 dante,
926 2411 1169 2466 promptius
1201 2411 1470 2466 adimplebit,

70 2489 112 2516 se
144 2476 359 2517 maturius
394 2477 640 2518 rediturum
683 2477 730 2517 in
772 2478 993 2533 Angliam,
1032 2482 1076 2519 et
1117 2479 1306 2534 regulari
1347 2480 1472 2520 disci-

69 2543 197 2597 plinae
227 2558 303 2599 per
334 2544 480 2585 onmia
512 2544 592 2585 sub
631 2544 891 2586 obedientiae
920 2549 1077 2587 vestrae
1113 2547 1354 2601 patrocinio
1393 2548 1472 2588 hu-

70 2610 230 2652 militer
290 2611 701 2667 obtemperaturum.
792 2612 917 2654 Circa
967 2612 1145 2655 fratrem
1204 2614 1253 2654 R.
1306 2615 1471 2655 dictum

70 2678 326 2719 monachum
369 2679 475 2733 quid
516 2683 662 2720 actum
709 2679 767 2721 sit
817 2680 1011 2721 nondum
1058 2681 1267 2723 intellexi.
1312 2682 1472 2723 Przedi-

72 2745 205 2787 lectus
240 2746 375 2787 frater
417 2745 465 2787 G.
509 2746 561 2787 de
605 2746 818 2795 Londino,
859 2752 1059 2802 quartam
1104 2749 1314 2790 decimam
1347 2765 1471 2804 quar-

73 2815 186 2854 tanae
216 2828 439 2869 perpessus
471 2814 767 2866 accessionem,
790 2829 917 2870 super
947 2817 1176 2857 vexamine
1207 2817 1471 2858 valetudinis

74 2885 170 2934 post
214 2881 535 2923 alleviationem
582 2881 921 2941 qualemcunque
969 2883 1156 2926 Londini
1203 2887 1403 2939 expectat
1446 2900 1471 2925 a
