1905 3180
198 2227 366 2268 Expostu-

198 2272 279 2302 lates
294 2271 374 2303 with

200 2315 318 2346 Thom.
336 2316 374 2346 of

199 2359 295 2391 York
311 2359 363 2390 for

200 2404 392 2445 neglecting

200 2447 252 2478 his
269 2456 345 2486 pro-

200 2489 307 2522 mises.

414 238 500 279 392
901 247 1101 278 ADAE2DE
1131 247 1328 279 MARffico

413 372 522 413 mini
573 373 898 428 superexaltata
947 373 1203 422 benedictio,
1257 373 1519 428 corporalem
1560 372 1815 421 absentiam,

415 456 512 496 quae
543 441 811 495 spiritualem
841 441 1059 482 unita-tem
1090 455 1179 482 non
1220 439 1442 496 disjungit,
1484 441 1721 496 longanimi
1753 443 1819 480 to-

417 508 602 549 lerantia
648 509 694 549 in
729 508 903 550 Christo
945 509 1214 564 dignoscitur
1245 523 1334 550 esse
1374 509 1635 564 perferenda.
1711 508 1818 549 Suc-

418 577 542 632 cingo
585 591 837 628 sermonem,
874 577 1011 618 sciens
1043 577 1146 631 quia
1186 576 1534 631 persuasionibus
1566 577 1622 617 sit
1669 590 1819 631 super-

416 645 654 686 sedendum
675 645 732 686 ad
752 645 1075 701 flagrantiorem
1096 648 1309 699 promptae
1330 645 1505 699 pietatis
1535 645 1818 686 voluntatem.

419 713 639 754 Concedat
672 713 820 769 igitur,
855 726 940 762 oro,
991 713 1075 754 Dei
1126 713 1277 762 virtus,
1324 712 1408 753 Dei
1461 712 1686 767 sapientia,
1733 711 1819 752 Dei

415 780 710 830 sanctificatio,
743 784 795 822 ut
828 781 874 822 in
920 781 1119 822 omnibus
1160 795 1256 835 quae
1297 780 1534 835 prudenter
1578 778 1819 820 discernitis

413 849 564 905 geritis
596 848 776 899 fortiter,
810 852 1102 904 temperanter
1127 848 1347 898 cohibetis,
1382 848 1645 889 distribuitis
1677 861 1820 901 aequa—

412 917 525 968 liter,
563 916 620 957 ad
650 916 775 957 illum
804 916 935 958 finem
967 916 1164 958 referatis
1198 930 1294 957 cum
1326 915 1482 957 effectu
1518 915 1710 956 salvifico
1741 914 1820 955 ubi

413 988 479 1025 est
511 983 632 1026 Deus
673 984 820 1025 omnia
860 984 907 1025 in
938 984 1151 1036 omnibus,
1183 984 1433 1026 aeternitate
1469 987 1588 1025 certa
1625 986 1671 1024 et
1715 996 1819 1038 pace

412 1052 617 1107 perfecta.

474 1119 779 1161 Exultationis
833 1119 1163 1175 jucunditatem
1206 1120 1493 1162 amicissimus
1539 1120 1585 1162 in
1629 1120 1818 1162 Domino

412 1187 546 1228 frater
609 1187 828 1229 Walterus
880 1188 933 1228 de
988 1188 1291 1243 Ravenigham
1354 1188 1582 1229 animabus
1635 1188 1819 1244 gloriam

413 1255 666 1296 divinitatis
724 1255 1047 1305 aemulantibus,
1103 1256 1178 1310 qui
1234 1255 1347 1297 sicut
1396 1256 1578 1297 nuntiat
1618 1256 1822 1310 frequens

412 1322 663 1364 testimonii
704 1323 921 1364 credibilis
952 1323 1143 1372 assertio,
1188 1324 1393 1378 quoniam
1430 1323 1574 1364 valide
1609 1323 1665 1364 acl
1708 1323 1822 1364 veri-

412 1392 553 1431 tatem
587 1390 786 1431 ambulat
832 1390 881 1431 in
927 1390 1172 1431 ministerio
1208 1391 1332 1432 verbi
1363 1391 1576 1441 salutaris,
1620 1394 1664 1432 et
1697 1391 1821 1432 docet

414 1457 585 1498 acutius
628 1460 673 1499 et
716 1457 1018 1499 delectabilius
1065 1461 1198 1509 tenet,
1246 1458 1384 1500 flectit
1435 1459 1736 1500 vehementius
1777 1461 1822 1500 et

415 1524 581 1566 felicius
644 1529 872 1580 promovet
924 1529 1016 1566 tam
1068 1526 1240 1576 clerum,
1301 1541 1431 1581 quam
1482 1527 1702 1582 populum,
1766 1526 1822 1567 ad

414 1592 629 1633 visionem
665 1593 870 1634 veritatis
917 1597 960 1634 et
993 1593 1190 1634 caritatis
1221 1594 1570 1635 communionem
1599 1595 1699 1650 jugi
1730 1594 1824 1635 ani-

416 1674 541 1701 mans
574 1659 773 1702 efficacia.
876 1661 1016 1712 Quem
1057 1661 1267 1703 nimirum
1307 1662 1354 1703 in
1390 1662 1631 1719 qualiquali
1673 1666 1823 1704 tamen

417 1727 576 1770 intimo
612 1727 754 1769 cordis
791 1727 1011 1770 domicilio
1045 1729 1263 1771 collocavi.

1001 1918 1035 1960 C
1041 1918 1218 1960 CXXV.

422 2038 609 2081 Eximio
646 2038 806 2081 Fratri
840 2038 1017 2082 Thomoe
1049 2039 1101 2081 cle
1133 2039 1331 2083 Eboo'aco
1361 2041 1522 2084 Frater
1551 2041 1661 2084 Ada
1691 2040 1824 2084 exilis

1017 2107 1220 2151 salutem.

500 2218 548 2260 Si
589 2219 899 2261 acerrimarum
951 2221 1252 2262 invectionum
1304 2236 1444 2264 causae
1480 2223 1825 2265 vehementiores

426 2286 538 2328 fores
571 2287 832 2342 effregerint,
865 2288 1177 2342 putabimusne
1209 2294 1455 2345 soporatam
1480 2290 1710 2346 lethargici
1739 2305 1828 2332 cor-

426 2355 542 2410 poris
574 2354 815 2395 socordiam
848 2355 1037 2396 excitare
1070 2356 1313 2398 valebunt?
1373 2357 1622 2399 Verendum
1654 2372 1750 2399 reor
1770 2373 1824 2400 ne

429 2422 596 2463 carnosi
635 2421 857 2463 cadaveris
903 2423 1038 2463 moles
1095 2428 1294 2465 emortua
1341 2425 1594 2480 languidam
1646 2426 1826 2480 spiritus

430 2489 570 2544 tepidi
602 2489 847 2539 scintillam,
881 2490 1004 2545 piget
1036 2505 1125 2532 non
1167 2492 1329 2534 dixisse
1369 2493 1576 2544 favillam,
1619 2493 1827 2535 suffocare

430 2557 666 2611 contingat.
739 2557 1052 2611 Arrogantiam
1085 2560 1381 2601 execrabimus
1423 2575 1480 2601 an
1532 2561 1826 2602 accusabimus

428 2624 773 2680 negligentiam?
831 2625 1078 2679 Utramque
1109 2627 1357 2681 longissime
1388 2629 1553 2684 relegat
1584 2629 1690 2670 fides
1722 2628 1828 2669 ami-

428 2693 576 2734 citiae2
637 2692 724 2733 Sed
757 2706 961 2746 quorsum
998 2693 1119 2734 haec?
1193 2695 1296 2736 Non
1327 2696 1457 2737 unius
1492 2700 1642 2737 tamen
1678 2697 1751 2738 sed
1783 2699 1826 2737 et

431 2763 1067 2817 similium'transgressionem
1120 2766 1291 2807 sceleris
1333 2767 1539 2808 damnare
1586 2767 1825 2822 compellor.

434 2832 561 2883 Quod
595 2846 711 2873 nunc
741 2832 894 2887 loquor
925 2836 990 2874 est
1021 2833 1173 2874 tabula
1210 2834 1440 2878 Trinitatis
1468 2836 1599 2877 toties
1629 2837 1825 2891 prompte
