1905 3180
617 253 852 284 1³:P1s'roLJ-3.
1344 240 1428 286 257

34 381 188 419 vestrae
230 376 543 418 disertitudinis
585 377 752 418 affectio
795 377 965 417 suavior
1016 376 1122 416 mihi
1175 377 1427 432 displicendi

34 444 315 486 diffidentiam
352 444 519 499 ingerit,
554 448 598 485 et
639 444 913 485 administrat
946 444 1251 485 confidentiam
1295 445 1427 500 impe-

33 513 186 554 trandi.
250 511 457 562 Quocirca
487 527 563 566 pro
585 511 818 553 venerabili
850 514 971 565 patre
1003 512 1207 566 magistro
1238 512 1425 566 Symone

34 583 84 624 de
103 581 364 623 Valentinis¹
400 586 553 623 vestrae
575 582 961 637 circumspectionis
982 580 1144 622 inolitae
1166 582 1426 638 benignitati

33 649 259 691 affectuose
281 650 481 705 supplico,
504 664 658 705 rogans
680 649 890 698 obnixius,
910 652 1120 703 quatenus
1142 649 1279 690 eidem
1295 649 1427 703 juxta

31 721 285 774 praesentem
316 718 580 759 necessitatis
608 732 694 759 suae
721 716 973 772 cogentiam,
997 717 1048 758 de
1080 717 1299 772 provisiva
1329 732 1426 759 con-

33 789 164 827 suetae
215 786 388 840 pietatis
439 785 660 833 industria,
704 784 912 826 efficacem
964 784 1232 825 consultioris
1273 785 1426 826 auxilii

33 853 360 894 subventionem
403 852 605 894 exhibere
639 867 725 893 non
765 851 932 893 ducatis
965 852 1223 907 indignuni;
1267 867 1343 908 pro
1375 868 1424 894 eo

35 920 149 975 quod
180 934 230 962 ea
265 934 361 975 quae
398 923 615 975 petuntur,
651 920 686 960 si
730 919 891 960 fuerint
939 919 1140 975 impensa,
1184 935 1427 962 remunera-

34 989 196 1030 tionem
238 988 487 1043 ampliorem
521 1002 547 1028 a
587 987 816 1028 divinitate
849 991 1155 1042 promerentur,
1197 992 1240 1029 et
1271 989 1317 1037 is,
1351 1004 1428 1044 pro

35 1071 118 1111 quo
159 1056 331 1111 petitur,
396 1055 536 1096 titulis
588 1054 854 1110 dignioribus
904 1056 1055 1110 gratia—3
1116 1056 1430 1111 multiplicioris

35 1124 244 1165 divinitus
275 1123 515 1178 insignitur.
580 1122 713 1164 Lator
744 1123 1021 1177 praesentium
1044 1123 1177 1173 vobis
1212 1124 1247 1164 si
1278 1124 1428 1179 placet,

34 1192 136 1232 viva
158 1205 259 1232 voce
290 1190 452 1246 negotii
473 1194 664 1231 tenorem
687 1190 852 1245 plenius
874 1194 1070 1245 exponet,
1095 1191 1210 1245 quod
1241 1206 1327 1232 non
1352 1191 1432 1232 im-

35 1259 188 1300 merito
209 1262 416 1313 tanquam
440 1258 659 1313 proprium
682 1258 881 1312 amplecti
903 1258 1132 1312 compellor
1154 1258 1199 1298 in
1231 1257 1429 1299 Domino.

95 1326 192 1368 Hoc
223 1330 287 1368 est
323 1329 468 1367 autem
506 1325 620 1380 quod
649 1325 842 1380 expediri
876 1326 1114 1380 satagitur3
1148 1326 1350 1368 videlicet
1381 1330 1431 1367 ut

35 1398 235 1436 mutuum
266 1394 321 1434 xl.
345 1393 552 1434 librarum
584 1407 659 1448 per
683 1392 950 1433 discretionis
972 1396 1126 1434 vestrae
1159 1393 1429 1449 diligentiam

36 1462 290 1504 concedatur
326 1464 561 1502 memorato
592 1460 798 1516 magistro
828 1459 1023 1515 Symoni,
1047 1460 1097 1502 de
1129 1461 1308 1516 pecunia
1339 1462 1433 1502 uni-

36 1530 251 1572 versitatis
274 1529 456 1571 Oxoniae
478 1528 682 1583 deposita,
706 1542 761 1569 ex
782 1542 958 1569 munere
980 1528 1207 1569 caritativo
1237 1529 1433 1586 magistri

35 1597 258 1640 Willielmi
286 1597 338 1638 de
360 1595 622 1644 Dunel1nia‚2
643 1594 764 1650 cujus
792 1596 838 1636 in
860 1595 1031 1637 Christo
1053 1596 1124 1651 pia
1151 1599 1216 1637 est
1243 1598 1436 1639 recorda-

35 1666 107 1716 tio,
127 1665 206 1707 sub
228 1665 366 1706 forma
387 1668 512 1705 certae
534 1664 743 1705 cautionis
765 1678 893 1718 quam
916 1667 1153 1719 competere
1176 1665 1433 1706 censueritis.

36 1733 103 1775 Ut
133 1736 279 1774 autem
316 1732 500 1787 amplius
519 1731 683 1786 liqueat
719 1731 833 1785 quod
869 1731 915 1771 in
948 1731 1027 1772 hac
1064 1736 1184 1786 parte
1221 1732 1433 1773 desiderat

36 1801 240 1857 praefatus
290 1800 493 1855 magister
536 1798 587 1848 S,
621 1802 665 1841 et
705 1798 902 1838 nonnulli
943 1799 1176 1839 amicorum
1219 1799 1351 1854 ipsius
1387 1800 1433 1840 in

38 1869 235 1916 Domino,
279 1867 406 1907 mitto
458 1865 581 1907 vobis
632 1865 915 1921 praesentibus
966 1865 1173 1906 inclusam
1225 1866 1426 1914 litteram,

38 1950 165 1990 quam
198 1934 304 1975 mihi
335 1948 410 1988 pro
444 1933 556 1973 dicto
588 1934 769 1987 negotiQ
794 1933 829 1972 si
850 1931 943 1973 fieri
975 1936 1126 1987 potest,
1150 1933 1426 1987 expediendo,

37 2003 211 2058 quidam
242 2002 310 2043 vir
340 2014 521 2057 magnus
571 2000 689 2041 misit
719 2001 765 2041 in
797 2000 1010 2056 spirituali
1061 2000 1284 2042 dilectione
1336 2015 1433 2042 con-

29 2070 217 2126 junctus.

96 2137 249 2180 Valeat
280 2139 435 2178 vestrae
467 2135 716 2185 dilectionis,
751 2138 826 2176 etc.

646 2275 825 2318 CXXX.

36 2361 311 2405 Honorabili
362 2361 474 2412 viro,
540 2359 758 2416 mayistro
810 2360 861 2403 R.
918 2359 969 2402 de
1021 2360 1192 2404 Sancta
1238 2362 1430 2416 Agyatlm,

147 2431 308 2472 Frater
340 2428 450 2471 Ada
485 2428 570 2470 vice
600 2427 803 2483 qratiam
836 2432 874 2470 et
905 2428 1104 2483 {florium
1134 2429 1313 2485 petrice.

96 2527 304 2568 Beneficae
364 2525 502 2567 fidelis
562 2525 763 2566 amicitiae
822 2525 1085 2577 liberalitati,
1139 2541 1268 2582 quam
1318 2530 1433 2583 apud

37 2595 328 2636 sinceritatem
389 2596 579 2635 vestram
641 2607 742 2648 erga
801 2607 942 2634 meam
1003 2593 1244 2636 exilitatem
1306 2597 1432 2638 certis

86 2725 94 2743 ¹
123 2724 249 2766 Symon
288 2725 329 2756 de
354 2723 511 2756 Valentia
548 2724 582 2755 in
612 2722 717 2764 Epist.
765 2722 914 2763 learnIng
937 2723 1122 2755 mentioned
1154 2725 1199 2766 by
1224 2725 1304 2757 Mat.
1329 2725 1432 2765 Paris,

43 2776 150 2809 CXX.
766 2785 795 2816 p.
815 2779 878 2806 354
905 2775 968 2806 and
998 2777 1070 2808 771.
1118 2775 1170 2807 Ile
1187 2776 1262 2808 died
1279 2778 1313 2808 in
1334 2781 1429 2809 1249.

95 2829 108 2846 ‘-'
132 2828 204 2859 The
251 2828 381 2861 scholar
426 2828 491 2860 and
537 2831 653 2870 patron
687 2826 724 2858 of

1230 2883 1258 2913 R

1446 385 1564 416 wishes
1583 390 1615 417 to

1445 429 1573 460 borrow
1587 434 1602 460 -1
1613 428 1653 461 ol.

1445 473 1530 503 from
1551 474 1606 504 the

1446 516 1643 559 University

1445 561 1544 593 chcst.

1453 2527 1492 2558 In
1509 2525 1623 2557 behalf

1451 2571 1490 2601 of
1500 2570 1628 2601 Walter

1452 2614 1603 2657 Gyffard.
