1905 3180
584 243 814 277 APPENDIX
848 249 978 282 xvm.
1387 252 1468 295 617

89 356 281 398 eundem.
365 355 497 398 Salvo
555 360 701 399 tamen
752 374 917 416 semper
968 365 1089 405 nobis
1140 373 1182 409 ot
1234 370 1470 413 1ηιϊω1ἰ1ημΔ

89 423 261 473 nostris,
285 423 477 479 Regibus
499 423 683 480 Angffie,
708 426 841 468 libero
863 431 1049 472 transitu
1077 448 1150 488 per
1183 438 1364 479 medium
1391 442 1464 480 lswi

89 491 203 542 novi,
228 491 275 532 in
296 491 492 546 quolibet
523 493 717 534 adventu
747 498 893 536 nostro
926 497 1092 540 ibidem.
1157 503 1207 543 ln
1239 506 1366 559 cujus,
1400 509 1467 550 &o

147 559 272 601 Teste
302 573 412 615 rege,
447 560 562 615 apud
595 560 635 602 S.
670 561 901 614 Albanum,
935 566 1129 610 xxiidie
1163 570 1258 612 Dec.

730 915 851 957 XIX.

338 1100 431 1144 Pro
461 1099 703 1143 Fratribus
737 1100 999 1144 Minoribus
1035 1102 1225 1146 Osconz'oe.

459 1290 569 1345 (Pat.
604 1292 660 1333 32
696 1291 806 1333 Hen.
831 1291 917 1334 ΙΙΙ.
951 1307 1001 1333 m.
1029 1293 1110 1346 10.)

148 1448 244 1490 Rex
281 1448 492 1500 omnibus,
531 1450 604 1492 &a
651 1449 846 1491 salutem.
921 1450 964 1490 N
968 1451 1142 1492 overitis
1186 1464 1262 1492 nos
1309 1451 1471 1492 intuitu

87 1516 266 1572 pietatis
299 1517 550 1558 concessisse
587 1520 639 1558 ut
670 1517 792 1558 vicus
836 1517 910 1572 qui
949 1518 1198 1559 extenditur
1233 1518 1311 1558 sub
1354 1533 1473 1558 muro

89 1584 273 1626 Oxoniae
307 1599 333 1626 a
354 1587 481 1640 porta
503 1599 602 1640 quae
624 1584 785 1627 dieitur
804 1584 1067 1642 Watergate‚
1089 1585 1135 1626 in
1156 1585 1353 1640 parochia
1375 1584 1472 1627 Sta».

87 1652 220 1702 Ebbe,
244 1666 379 1707 usque
413 1652 469 1694 ad
500 1667 687 1708 parvum
721 1652 934 1708 posticum
964 1652 1151 1707 ejusdem
1185 1652 1296 1693 muri
1329 1666 1473 1693 versus

89 1719 303 1770 Castrum,
347 1719 587 1770 claudatur,
630 1723 806 1775 propter
857 1719 1058 1774 majorem
1109 1720 1378 1761 securitatem
1430 1723 1474 1760 et

88 1787 279 1842 quietem
315 1786 503 1828 fratrum
541 1787 763 1829 Minoruin
798 1787 930 1842 juxta
973 1787 1134 1828 dietum
1170 1786 1310 1827 vicum
1354 1786 1474 1826 habi-

87 1854 291 1907 tantium,
334 1855 543 1910 quamdiu
595 1855 768 1896 domino
830 1855 909 1896 loci
971 1853 1297 1909 complacuerit3
1356 1852 1472 1894 salvo

87 1925 236 1964 tamen
286 1923 413 1964 nobis
464 1926 509 1964 et
563 1922 808 1965 haeredibus
851 1922 1018 1971 nostris,
1062 1921 1248 1976 Regibus
1291 1920 1470 1975 Angliae,

86 1990 223 2032 libero
273 1991 464 2033 transitu
516 2005 593 2047 per
648 1991 839 2032 medium
894 1990 995 2031 novi
1056 1989 1135 2030 loci
1188 1989 1232 2028 in
1283 1987 1472 2042 quolibet

87 2057 284 2099 adventu
329 2061 477 2100 nostro
526 2058 700 2100 ibidem.
765 2056 1048 2100 Concedimus
1089 2055 1219 2097 etiam
1261 2059 1310 2095 ut
1361 2053 1472 2094 latus

87 2125 337 2180 aquilonare
359 2125 535 2182 capellae
557 2126 604 2167 in
627 2125 809 2181 praefato
831 2126 926 2167 vico
947 2125 1198 2166 constructae
1219 2125 1262 2163 et
1283 2123 1471 2162 constru-

88 2193 210 2236 endae
241 2194 439 2250 supplere
471 2194 610 2250 possit
641 2192 944 2249 praenominati
973 2191 1084 2232 muri
1107 2188 1471 2244 interruptionem,

87 2264 300 2316 quantum
322 2276 366 2303 se
395 2262 629 2304 extendere
660 2261 789 2303 debet
820 2259 983 2302 caeteris
1014 2257 1200 2312 ejusdem
1236 2255 1345 2296 muri
1376 2268 1473 2309 rup—

86 2329 209 2380 turis,
252 2329 300 2370 in
340 2329 559 2385 integrum
609 2328 818 2384 reparatis
858 2330 909 2368 ut
949 2326 1077 2382 prius,
1118 2326 1294 2378 excepto
1339 2335 1471 2376 parvo

86 2396 251 2452 postico
284 2397 331 2438 in
359 2397 475 2439 dicto
506 2411 642 2445 muro,
666 2411 743 2452 per
774 2395 888 2451 quod
919 2393 1084 2450 possint
1104 2391 1209 2433 dicti
1239 2390 1388 2431 fratres
1412 2388 1471 2427 ire

87 2467 134 2506 et
174 2464 314 2507 redire
360 2465 414 2506 de
458 2479 571 2507 novo
617 2465 709 2505 loeo
742 2464 789 2504 in
822 2477 907 2518 quo
950 2461 1074 2502 modo
1117 2457 1390 2514 hospitantur
1418 2455 1472 2495 ad

87 2532 273 2588 priorem
294 2533 436 2575 locum
458 2534 505 2574 in
528 2547 613 2588 quo
636 2532 756 2588 prius
777 2528 1118 2585 hospitabantur.
1176 2526 1229 2567 In
1251 2524 1376 2580 cujus
1400 2523 1470 2564 &a

147 2599 192 2643 T.
226 2614 337 2657 rege,
373 2600 490 2656 apud
525 2599 658 2641 WVest.
692 2613 730 2639 X.
764 2598 833 2639 die
866 2596 966 2637 Feb.
