1905 3180
621 267 856 298 ErisToLAE.
1350 261 1430 302 189

38 386 204 430 intuitu
233 387 427 430 szeculari
457 391 501 430 et
528 390 688 432 carnali
719 391 884 439 affeetu,
919 391 1155 432 secundum
1184 391 1431 447 evangelica

36 456 181 512 legum
222 456 495 498 aeternalium
528 458 725 510 decreta3
758 458 1014 500 inducentes
1046 459 1190 507 ctiam,
1216 463 1430 514 quantuni

37 523 84 566 in
134 524 259 565 vobis
311 526 386 572 est,
441 525 627 567 eundem
680 525 904 566 dominum
956 526 1199 581 episcopum
1247 531 1297 568 ut
1349 528 1431 568 sal-

37 595 125 633 tem
167 591 423 647 magistrum
470 592 724 642 Oliveru1n,¹
760 593 915 641 virum,
949 600 998 635 ut
1040 594 1227 645 videtur,
1260 595 1429 635 honesti

36 659 166 700 moris
210 662 253 701 et
300 660 389 715 spei
440 660 685 712 laudabilis,
734 661 931 703 timorati
965 661 1144 716 spiritus
1177 665 1221 702 et
1264 662 1431 703 littera-

36 729 147 769 turae
176 727 470 782 prominentis,
511 728 755 783 przebendae
781 729 832 770 de
872 728 1115 784 Langeford
1145 729 1191 769 in
1221 733 1430 770 rectorem

34 794 144 836 velit
177 809 366 845 evocare,
400 796 436 836 si
478 797 705 852 contingat
738 797 853 851 quod
891 796 1135 852 praebendae
1179 796 1232 838 de
1269 796 1430 838 Thame

36 862 255 917 provisam
313 863 588 905 collationem
641 864 899 913 admittatis,
945 864 1060 919 quod
1108 868 1288 920 apparet
1342 865 1431 906 fore

35 930 338 972 sustinendum
381 934 558 987 propter
608 946 887 988 premagnam
940 933 991 974 de
1020 932 1144 973 vobis
1181 936 1430 988 conceptam

35 998 82 1038 in
124 997 310 1040 Domino
342 999 556 1041 fiduciam.
605 999 652 1041 Si
686 1003 832 1042 autem
867 1000 1144 1042 translationi
1180 1004 1431 1043 memorata}

35 1066 86 1107 de
120 1066 244 1107 vobis
290 1067 496 1109 faciendae
528 1083 802 1123 nequaquam
835 1068 1148 1118 consenseritis,
1188 1069 1241 1110 ob
1284 1083 1431 1110 causas

34 1137 277 1190 prietactas,
324 1150 401 1191 pro
444 1136 558 1177 dicto
606 1136 815 1191 magistro
864 1135 1050 1186 Olivero‚
1085 1136 1120 1177 si
1158 1137 1311 1178 melius
1352 1137 1430 1178 ali-

35 1202 141 1257 quid
182 1217 269 1243 non
322 1207 527 1253 occurrat,
581 1204 637 1244 ad
684 1218 829 1245 curam
871 1204 1117 1259 praebendae
1160 1205 1213 1245 de
1266 1204 1429 1247 Thame

34 1271 252 1312 evocando
285 1272 506 1313 nonnullae
537 1272 727 1313 rationes
762 1271 970 1313 videntur
1007 1272 1214 1313 accedere.

94 1338 219 1389 Quod
250 1339 285 1380 si
311 1339 421 1379 nihil
452 1339 605 1380 horum
637 1339 731 1380 fieri
761 1340 1002 1394 contingat,
1036 1354 1133 1394 quae
1167 1354 1282 1381 nune
1315 1340 1431 1381 dieta

34 1409 150 1456 sunt,
184 1406 289 1461 quid
332 1410 468 1448 restat
499 1406 583 1448 nisi
615 1407 730 1462 quod
764 1407 810 1447 in
842 1407 935 1448 loco
982 1407 1225 1448 vocationis
1272 1411 1429 1449 vestrae

32 1478 344 1528 permanentes,
388 1474 560 1516 Christo
603 1474 687 1515 Dei
741 1474 865 1523 Filio,
912 1475 996 1517 Dei
1032 1475 1200 1524 virtuti,
1245 1478 1289 1517 et
1347 1475 1429 1516 Dei

31 1542 267 1596 sapientiae,
312 1542 515 1597 piissimis
558 1542 804 1584 orationum
847 1543 1072 1584 instantiis
1104 1543 1428 1585 committamus

33 1610 148 1664 quod
180 1610 410 1651 timemus?
474 1609 791 1652 Coarctationis
832 1611 1001 1666 pavidae
1038 1625 1194 1667 anceps
1227 1611 1427 1652 anxietas

31 1692 171 1718 meam
216 1678 449 1720 admodum
511 1678 669 1720 afflixit
728 1679 932 1730 animam,
997 1679 1043 1720 in
1125 1679 1205 1721 hac
1270 1683 1427 1721 vest-rte

32 1745 350 1786 disertitudinis
396 1746 635 1801 quaestione
678 1746 896 1801 perplexa,
942 1747 1011 1787 cui
1059 1747 1265 1801 quoniam
1307 1747 1426 1802 igno-

30 1813 125 1854 ravi
169 1827 261 1854 ecce
310 1828 452 1854 coram
511 1813 701 1854 Domino
745 1814 849 1867 quid
897 1814 1056 1855 certius
1112 1814 1424 1869 responderem,

31 1880 110 1921 hoc
170 1880 339 1921 locutus
397 1895 504 1929 sum,
531 1894 826 1935 ,nequaquam
878 1881 1001 1935 quasi
1056 1881 1253 1936 praebens
1291 1882 1426 1922 consi-

30 1947 149 1998 lium,
184 1948 257 1988 sed
310 1948 430 1989 velut
478 1962 630 1988 verum
682 1948 962 2003 investigans
997 1949 1112 2002 quod
1160 1948 1295 1997 vobis,
1355 1949 1425 1990 de-

31 2029 190 2070 precor,
246 2015 430 2070 inspiret
492 2015 754 2070 spiraculum
812 2015 1138 2071 Omnipotentis
1188 2017 1422 2071 sapientiae,

30 2082 290 2138 attingentis
326 2098 351 2123 a
399 2082 484 2124 fine
520 2097 656 2138 usque
703 2083 759 2123 ad
796 2083 926 2124 finem
963 2083 1138 2125 fortiter
1192 2087 1236 2124 et
1284 2084 1424 2138 dispo-

30 2150 174 2192 nentis
207 2150 352 2191 onmia
384 2150 589 2201 suaviter,
616 2165 641 2191 a
674 2150 882 2206 gignente
915 2150 1113 2206 ingenito
1148 2155 1192 2193 et
1219 2155 1424 2193 nascente

28 2217 256 2274 unigenito
302 2217 547 2273 procedens,
591 2217 784 2272 Spiritus
819 2218 986 2259 consilii
1045 2221 1089 2260 et
1138 2218 1423 2268 fortitudinis,

29 2300 105 2342 per
145 2285 441 2326 interventum
482 2284 880 2327 benedictissimum
922 2286 1184 2329 beatissimae
1218 2286 1424 2343 Virginis.

29 2356 181 2394 Amen.

90 2421 256 2462 Datum
283 2419 519 2476 Readingae
541 2420 597 2462 iv,
625 2420 714 2463 Cal.
737 2421 875 2462 Junii.
935 2421 1123 2464 Obstitit
1154 2422 1423 2464 occasionum
1443 2433 1523 2475 May
1538 2433 1627 2464 29th.

28 2488 335 2544 importunitas
365 2487 597 2543 quominus
626 2502 840 2530 cursorem
866 2491 1061 2530 vestrum
1093 2490 1220 2532 citius
1252 2491 1425 2545 expedi-

27 2556 166 2598 verim
202 2570 329 2611 super
359 2555 559 2611 pluribus
593 2556 733 2597 causis
774 2557 1109 2612 urgentioribus.
1147 2557 1423 2599 Desiderium

30 2623 139 2664 mihi
182 2626 249 2664 est
279 2623 503 2664 vobiscum
540 2622 656 2665 vivae
688 2624 805 2665 vocis
837 2624 994 2666 habere
1037 2625 1311 2681 colloquium,
1354 2626 1424 2667 vel

28 2690 180 2731 saltem
210 2690 534 2740 litteratorium,
571 2691 607 2731 si
638 2691 749 2732 illud
780 2691 1010 2734 excluserit
1041 2693 1372 2748 impossibilitas.

379 2841 391 2863 ¹
416 2842 480 2883 Qy.
499 2842 616 2876 Oliver
631 2843 821 2884 Lexington
838 2845 851 2875 Ρ
888 2844 949 2876 See
966 2854 996 2885 p.
1019 2847 1068 2876 97.
