1905 3180
641 251 873 284 ieris'iwjnic.
1369 247 1387 284 1
1397 245 1453 288 37

125 371 207 413 Pro
238 371 370 412 fratre
404 370 542 411 Adam
577 372 627 412 ‹le
656 371 959 413 Hekeshovre¹
995 372 1030 412 si
1063 372 1121 413 sic
1153 372 1354 412 videatur
1388 385 1455 410 su-

64 454 140 495 per
183 439 369 494 corporis
410 439 542 479 vestri
577 440 826 481 valetudine
869 440 1138 489 consulendo,
1175 440 1334 480 bonum
1374 438 1457 479 erit

65 511 170 561 puto
215 505 390 546 mittere
422 506 476 546 ad
508 506 756 547 illinistmun
790 510 998 558 nostrum,
1033 510 1135 548 ante
1168 521 1324 561 paucos
1367 506 1456 545 dics

66 573 345 615 Coventriam
377 576 623 624 venturum,
654 589 780 629 quem
813 577 915 629 opto
947 588 1022 629 per
1054 574 1333 629 paternitatis
1364 587 1458 613 ves-

65 646 144 683 trae
188 641 381 682 litteram
427 645 671 692 exoratum,
707 642 802 683 sine
834 655 965 683 morae
998 641 1240 696 dispendio,
1283 641 1317 680 si
1363 639 1456 680 ficri

64 709 220 758 valeat,
255 711 443 749 vestram
477 709 756 764 persona-liter
787 709 906 750 adire
938 709 1227 764 praesentiam.

137 776 203 817 De
251 776 377 817 factis
421 777 775 832 contingentibus
819 777 1076 832 magistrum
1124 775 1365 817 Robertuin
1405 774 1458 815 dc

70 844 263 892 Marisco,
292 846 336 884 et
365 843 621 897 quibusdam
654 844 759 891 aliis,
795 844 909 899 quod
943 843 1050 884 mihi
1073 843 1214 884 visun]
1242 846 1306 884 est
1336 842 1459 883 vobis

68 910 379 951 insinuandum
406 911 509 951 viva
536 925 638 952 voce
669 912 880 966 Magistro
902 911 1138 952 willielmo
1162 911 1214 952 de
1237 910 1458 964 Poklyng-

66 982 146 1019 tun
169 978 362 1019 commisi
395 978 659 1034 diligentius.
716 980 799 1020 Pro
832 979 1000 1020 duobus
1032 978 1298 1020 scholaribus
1321 977 1459 1018 domi—

65 1045 233 1086 nationi
260 1050 414 1087 vestrae
446 1046 538 1101 lege
570 1047 914 1102 propinquitatis
946 1046 1249 1092 attinentibus⁷
1276 1060 1382 1100 quos
1415 1047 1459 1085 ct

64 1113 234 1168 placida
280 1113 550 1154 conversatio
593 1117 637 1154 et
680 1114 903 1169 ingenium
952 1114 1101 1165 docile,
1148 1113 1345 1155 studiosa
1386 1112 1458 1166 ju-

65 1185 223 1222 ventus
286 1186 329 1222 et
381 1196 474 1236 spes
536 1181 779 1229 laudabilis,
823 1182 1060 1223 secundum
1122 1181 1238 1236 quod
1298 1180 1459 1222 eisdem

66 1253 290 1304 acceptum
343 1249 595 1304 perhibetur
653 1250 965 1295 testimonium,
999 1249 1144 1291 reddit
1186 1247 1460 1290 commenda-

64 1317 181 1365 biles,
227 1331 304 1371 pro
341 1316 497 1371 quibus
529 1320 572 1358 et
618 1331 934 1372 nonnunquam
982 1320 1138 1358 vestra*r
1180 1315 1460 1357 liberalitatis

64 1384 340 1440 interpellavi
391 1384 751 1436 l;›enevolentiam‚
795 1385 968 1426 obsecro
1016 1383 1266 1440 suppliciter
1309 1386 1359 1423 ut
1407 1382 1461 1423 ob

64 1451 472 1507 contemplationem
499 1451 598 1506 ejus,
631 1452 705 1507 qui
738 1466 813 1507 per
844 1451 1099 1507 prophetam
1132 1466 1256 1492 suum
1290 1465 1461 1491 enumc-

64 1520 171 1561 ratis
203 1519 402 1576 operibus
439 1519 628 1574 pietatis,
667 1520 1005 1575 praerogativam
1040 1520 1233 1575 ipsorum
1266 1533 1461 1560 consum-

65 1588 300 1630 mationem
353 1587 546 1629 adnectit
591 1587 767 1629 dicens:
841 1588 1072 1630 “Carnem
1119 1591 1240 1629 tuam
1286 1601 1341 1627 ne
1391 1586 1461 1627 de-

121 1656 321 1712 spexeris,
366 1659 471 1697 tunc
515 1659 712 1711 erumpet
753 1655 875 1710 quasi
908 1670 1035 1697 mane
1079 1655 1225 1696 lumen
1258 1658 1384 1695 tuum
1417 1657 1461 1695 ct

68 1731 87 1745 ‘³
120 1724 286 1765 sanitas
334 1728 411 1765 tua
448 1723 574 1765 citius
622 1723 840 1765 orietur2''
900 1724 1062 1778 quique
1104 1739 1180 1779 per
1213 1721 1460 1778 apostolum

65 1807 190 1833 suum
219 1792 347 1847 hujus
376 1792 437 1833 rei
467 1791 638 1832 curam²
661 1795 752 1832 tam
783 1791 1011 1832 efficaciter
1042 1790 1346 1832 commendans
1378 1789 1457 1829 ait:

68 1868 88 1882 “
123 1860 169 1901 Si
202 1860 298 1915 quis
329 1874 504 1901 suorum
537 1862 581 1900 et
612 1858 801 1899 maxime
831 1858 1161 1900 domesticorum
1193 1872 1340 1898 curam
1374 1871 1461 1897 non

67 1935 87 1948 “
122 1927 266 1978 habet>
309 1927 438 1968 fidem
492 1926 685 1981 negavit,
728 1929 772 1967 et
818 1929 882 1967 est
922 1925 1088 1966 infideli
1126 1924 1368 1966 deterior:”
1415 1923 1460 1964 in

66 1995 307 2036 subsidium
340 1993 588 2035 necessariae
620 1993 960 2038 sustentationis,
996 1997 1039 2034 et
1071 1991 1329 2034 eruditionis
1361 2005 1460 2033 con·

69 2062 303 2110 minanda),
338 2061 540 2102 munifice
578 2060 844 2116 dignationis
881 2075 1058 2102 manum
1095 2060 1331 2101 beneficam
1364 2073 1461 2115 ape-

67 2131 151 2172 rire
191 2130 346 2171 velitis.
435 2128 685 2169 Miramhun
732 2143 905 2184 prorsus
949 2128 1032 2169 erit
1079 2127 1126 2175 si,
1173 2127 1286 2182 quod
1335 2126 1457 2174 absit,

68 2198 172 2253 ipsis
207 2197 322 2253 apud
354 2200 509 2238 vestra»
541 2195 790 2237 sanctitatis
821 2195 1050 2237 arbitrium
1082 2209 1169 2236 non
1202 2195 1462 2249 suffragetur

68 2265 315 2306 divinarum
367 2263 680 2305 sententiarum
737 2263 1039 2318 patrocinium.
1119 2262 1277 2304 Fateor
1348 2259 1463 2317 quod

66 2333 317 2374 memoratis
350 2331 618 2373 scholaribus
639 2331 684 2372 in
717 2346 893 2372 suarum
925 2331 1234 2372 necessitatum
1267 2329 1461 2377 articulo,

68 2416 164 2442 cum
196 2400 417 2441 nonnullis
450 2400 565 2454 quod
597 2399 778 2455 dignum
810 2403 876 2441 est
908 2398 1216 2441 aemulantibus
1248 2412 1326 2453 ego
1359 2412 1462 2453 qua-

67 2468 288 2523 liscunque
335 2467 568 2523 plurimum
623 2467 885 2522 compatior;
947 2466 1219 2508 intercedens
1278 2465 1462 2520 amplius

67 2536 222 2583 institi,
255 2550 303 2576 eo
336 2534 450 2590 quod
482 2534 741 2576 instantiam
773 2549 912 2575 meam
944 2534 1193 2590 frequenter
1224 2533 1383 2574 factam
1416 2532 1462 2572 in

68 2603 147 2645 hac
189 2606 311 2658 parte
344 2602 560 2643 modicum
593 2602 706 2643 sensi
737 2602 975 2657 profecisse.

131 2670 411 2711 Willielmum
442 2670 493 2711 de
527 2670 767 2725 Lyncolnia
793 2668 1090 2710 marescallum
1112 2671 1317 2717 vestrum,
1342 2666 1462 2721 cujus

69 2738 386 2790 strenuitatem,
429 2737 556 2779 fidem
602 2752 650 2779 ac
692 2736 975 2792 diligentiam,
1015 2735 1268 2776 ministeriis
1304 2734 1461 2775 vestris

116 2923 124 2941 ¹
142 2922 358 2955 IIelccslqu».
778 2920 784 2966 Ι
850 2922 861 2939 ‘⁴'
878 2915 961 2954 crinis
