<?xml version="1.0" encoding="UTF-8"?>
<!DOCTYPE html PUBLIC "-//W3C//DTD XHTML 1.0 Transitional//EN"
    "http://www.w3.org/TR/xhtml1/DTD/xhtml1-transitional.dtd">
<html xmlns="http://www.w3.org/1999/xhtml" xml:lang="en" lang="en">
 <head>
  <title>
</title>
<meta http-equiv="Content-Type" content="text/html;charset=utf-8" />
  <meta name='ocr-system' content='tesseract 3.04.00' />
  <meta name='ocr-capabilities' content='ocr_page ocr_carea ocr_par ocr_line ocrx_word'/>
</head>
<body>
  <div class='ocr_page' id='page_1' title='image "./monumentafrancis01thom_0611.png"; bbox 0 0 1905 3180; ppageno 0'>
   <div class='ocr_carea' id='block_1_1' title="bbox 16 53 26 621">
    <p class='ocr_par' dir='ltr' id='par_1_1' title="bbox 16 53 26 621">
     <span class='ocr_line' id='line_1_1' title="bbox 16 53 26 621; baseline 0 0"><span class='ocrx_word' id='word_1_1' title='bbox 16 53 26 621; x_wconf 95' lang='lat' dir='ltr'> </span> 
     </span>
    </p>
   </div>
   <div class='ocr_carea' id='block_1_2' title="bbox 12 812 27 1533">
    <p class='ocr_par' dir='ltr' id='par_1_2' title="bbox 12 812 27 1533">
     <span class='ocr_line' id='line_1_2' title="bbox 12 812 27 1533; baseline 0 0"><span class='ocrx_word' id='word_1_2' title='bbox 12 812 27 1533; x_wconf 95' lang='lat' dir='ltr'> </span> 
     </span>
    </p>
   </div>
   <div class='ocr_carea' id='block_1_3' title="bbox 12 2092 23 2607">
    <p class='ocr_par' dir='ltr' id='par_1_3' title="bbox 12 2092 23 2607">
     <span class='ocr_line' id='line_1_3' title="bbox 12 2092 23 2607; baseline 0 0"><span class='ocrx_word' id='word_1_3' title='bbox 12 2092 23 2607; x_wconf 95' lang='lat' dir='ltr'> </span> 
     </span>
    </p>
   </div>
   <div class='ocr_carea' id='block_1_4' title="bbox 677 249 1486 291">
    <p class='ocr_par' dir='ltr' id='par_1_4' title="bbox 677 249 1486 291">
     <span class='ocr_line' id='line_1_4' title="bbox 677 249 1486 291; baseline 0.014 -11"><span class='ocrx_word' id='word_1_4' title='bbox 677 249 911 282; x_wconf 77' lang='lat' dir='ltr'><strong>EPISTOLAE.</strong></span> <span class='ocrx_word' id='word_1_5' title='bbox 1402 251 1486 291; x_wconf 69' lang='lat'>453</span> 
     </span>
    </p>
   </div>
   <div class='ocr_carea' id='block_1_5' title="bbox 17 371 1479 2746">
    <p class='ocr_par' dir='ltr' id='par_1_5' title="bbox 17 371 1479 2746">
     <span class='ocr_line' id='line_1_5' title="bbox 87 371 1477 427; baseline 0.007 -14"><span class='ocrx_word' id='word_1_6' title='bbox 87 385 235 422; x_wconf 85' lang='lat' dir='ltr'>0rum3</span> <span class='ocrx_word' id='word_1_7' title='bbox 275 371 354 413; x_wconf 91' lang='lat' dir='ltr'>hoc</span> <span class='ocrx_word' id='word_1_8' title='bbox 394 375 459 413; x_wconf 87' lang='lat' dir='ltr'>est</span> <span class='ocrx_word' id='word_1_9' title='bbox 496 374 612 427; x_wconf 86' lang='lat' dir='ltr'>quod</span> <span class='ocrx_word' id='word_1_10' title='bbox 653 374 745 415; x_wconf 90' lang='lat' dir='ltr'>sine</span> <span class='ocrx_word' id='word_1_11' title='bbox 786 375 872 416; x_wconf 89' lang='lat' dir='ltr'>fine</span> <span class='ocrx_word' id='word_1_12' title='bbox 914 377 1124 427; x_wconf 78' lang='lat' dir='ltr'>videatur,</span> <span class='ocrx_word' id='word_1_13' title='bbox 1168 379 1260 421; x_wconf 79' lang='lat' dir='ltr'>sine</span> <span class='ocrx_word' id='word_1_14' title='bbox 1302 381 1477 423; x_wconf 79' lang='lat' dir='ltr'>fastidio</span> 
     </span>
     <span class='ocr_line' id='line_1_6' title="bbox 85 439 1478 496; baseline 0.009 -17"><span class='ocrx_word' id='word_1_15' title='bbox 85 447 262 487; x_wconf 83' lang='lat' dir='ltr'>ametur,</span> <span class='ocrx_word' id='word_1_16' title='bbox 314 439 406 480; x_wconf 86' lang='lat' dir='ltr'>sine</span> <span class='ocrx_word' id='word_1_17' title='bbox 456 439 714 496; x_wconf 68' lang='lat' dir='ltr'>fatigatione</span> <span class='ocrx_word' id='word_1_18' title='bbox 765 442 978 485; x_wconf 78' lang='lat' dir='ltr'>laudetur.</span> <span class='ocrx_word' id='word_1_19' title='bbox 1061 446 1145 487; x_wconf 88' lang='lat' dir='ltr'>Pro</span> <span class='ocrx_word' id='word_1_20' title='bbox 1198 448 1478 491; x_wconf 67' lang='lat' dir='ltr'>incommodi,</span> 
     </span>
     <span class='ocr_line' id='line_1_7' title="bbox 86 506 1479 570; baseline 0.009 -24"><span class='ocrx_word' id='word_1_21' title='bbox 86 506 343 547; x_wconf 72' lang='lat' dir='ltr'>transitoriis</span> <span class='ocrx_word' id='word_1_22' title='bbox 373 508 687 563; x_wconf 82' lang='lat' dir='ltr'>propellendis¹</span> <span class='ocrx_word' id='word_1_23' title='bbox 723 510 769 550; x_wconf 91' lang='lat' dir='ltr'>in</span> <span class='ocrx_word' id='word_1_24' title='bbox 792 510 948 551; x_wconf 77' lang='lat' dir='ltr'>Daniel</span> <span class='ocrx_word' id='word_1_25' title='bbox 971 512 1028 553; x_wconf 82' lang='lat' dir='ltr'>ix.</span> <span class='ocrx_word' id='word_1_26' title='bbox 1048 529 1055 553; x_wconf 92' lang='lat'>:</span> <span class='ocrx_word' id='word_1_27' title='bbox 1084 514 1304 570; x_wconf 84' lang='lat' dir='ltr'>“Propter</span> <span class='ocrx_word' id='word_1_28' title='bbox 1327 521 1479 559; x_wconf 76' lang='lat' dir='ltr'>temet-</span> 
     </span>
     <span class='ocr_line' id='line_1_8' title="bbox 84 574 1475 636; baseline 0.009 -23"><span class='ocrx_word' id='word_1_29' title='bbox 84 578 107 596; x_wconf 88' lang='lat'>“</span> <span class='ocrx_word' id='word_1_30' title='bbox 137 574 274 630; x_wconf 89' lang='lat' dir='ltr'>ipsum</span> <span class='ocrx_word' id='word_1_31' title='bbox 312 575 488 628; x_wconf 79' lang='lat' dir='ltr'>inclina,</span> <span class='ocrx_word' id='word_1_32' title='bbox 526 576 644 618; x_wconf 89' lang='lat' dir='ltr'>Deus</span> <span class='ocrx_word' id='word_1_33' title='bbox 680 581 838 630; x_wconf 80' lang='lat' dir='ltr'>noster,</span> <span class='ocrx_word' id='word_1_34' title='bbox 882 594 1029 621; x_wconf 89' lang='lat' dir='ltr'>aurem</span> <span class='ocrx_word' id='word_1_35' title='bbox 1067 584 1189 622; x_wconf 87' lang='lat' dir='ltr'>tuam</span> <span class='ocrx_word' id='word_1_36' title='bbox 1223 586 1268 624; x_wconf 84' lang='lat' dir='ltr'>et</span> <span class='ocrx_word' id='word_1_37' title='bbox 1304 586 1475 636; x_wconf 78' lang='lat' dir='ltr'>exaudi,</span> 
     </span>
     <span class='ocr_line' id='line_1_9' title="bbox 85 642 1476 703; baseline 0.008 -21"><span class='ocrx_word' id='word_1_38' title='bbox 85 646 107 663; x_wconf 93' lang='lat'><strong><em>“</em></strong></span> <span class='ocrx_word' id='word_1_39' title='bbox 137 642 254 697; x_wconf 88' lang='lat' dir='ltr'>aperi</span> <span class='ocrx_word' id='word_1_40' title='bbox 291 643 433 684; x_wconf 89' lang='lat' dir='ltr'>oculos</span> <span class='ocrx_word' id='word_1_41' title='bbox 469 647 568 686; x_wconf 90' lang='lat' dir='ltr'>tuos</span> <span class='ocrx_word' id='word_1_42' title='bbox 604 648 648 686; x_wconf 89' lang='lat' dir='ltr'>et</span> <span class='ocrx_word' id='word_1_43' title='bbox 689 646 788 687; x_wconf 81' lang='lat' dir='ltr'>vide</span> <span class='ocrx_word' id='word_1_44' title='bbox 832 646 1141 690; x_wconf 72' lang='lat' dir='ltr'>desolationem</span> <span class='ocrx_word' id='word_1_45' title='bbox 1183 654 1388 703; x_wconf 85' lang='lat' dir='ltr'>nostram,</span> <span class='ocrx_word' id='word_1_46' title='bbox 1432 657 1476 693; x_wconf 85' lang='lat' dir='ltr'>ct</span> 
     </span>
     <span class='ocr_line' id='line_1_10' title="bbox 83 709 1476 767; baseline 0.007 -17"><span class='ocrx_word' id='word_1_47' title='bbox 83 713 105 731; x_wconf 88' lang='lat'><strong>“</strong></span> <span class='ocrx_word' id='word_1_48' title='bbox 136 709 370 760; x_wconf 87' lang='lat' dir='ltr'>civitatem,</span> <span class='ocrx_word' id='word_1_49' title='bbox 409 726 537 767; x_wconf 88' lang='lat' dir='ltr'>super</span> <span class='ocrx_word' id='word_1_50' title='bbox 568 727 699 767; x_wconf 89' lang='lat' dir='ltr'>quam</span> <span class='ocrx_word' id='word_1_51' title='bbox 737 714 989 757; x_wconf 89' lang='lat' dir='ltr'>invocatum</span> <span class='ocrx_word' id='word_1_52' title='bbox 1021 720 1087 757; x_wconf 84' lang='lat' dir='ltr'>est</span> <span class='ocrx_word' id='word_1_53' title='bbox 1123 732 1279 759; x_wconf 86' lang='lat' dir='ltr'>nomen</span> <span class='ocrx_word' id='word_1_54' title='bbox 1313 720 1476 760; x_wconf 81' lang='lat' dir='ltr'>tuum.&#39;’</span> 
     </span>
     <span class='ocr_line' id='line_1_11' title="bbox 80 777 1473 839; baseline 0.007 -21"><span class='ocrx_word' id='word_1_55' title='bbox 80 777 133 818; x_wconf 86' lang='lat' dir='ltr'>In</span> <span class='ocrx_word' id='word_1_56' title='bbox 154 778 247 819; x_wconf 83' lang='lat' dir='ltr'>Act.</span> <span class='ocrx_word' id='word_1_57' title='bbox 270 778 342 819; x_wconf 86' lang='lat' dir='ltr'>xii.</span> <span class='ocrx_word' id='word_1_58' title='bbox 362 795 369 820; x_wconf 77' lang='grc' dir='ltr'>ε</span> <span class='ocrx_word' id='word_1_59' title='bbox 407 784 429 801; x_wconf 83' lang='grc'>“</span> <span class='ocrx_word' id='word_1_60' title='bbox 444 780 503 821; x_wconf 87' lang='lat' dir='ltr'>Et</span> <span class='ocrx_word' id='word_1_61' title='bbox 535 781 691 822; x_wconf 87' lang='lat' dir='ltr'>Petrus</span> <span class='ocrx_word' id='word_1_62' title='bbox 723 782 897 836; x_wconf 83' lang='lat' dir='ltr'>quidem</span> <span class='ocrx_word' id='word_1_63' title='bbox 926 784 1181 825; x_wconf 83' lang='lat' dir='ltr'>servabatur</span> <span class='ocrx_word' id='word_1_64' title='bbox 1204 786 1249 825; x_wconf 91' lang='lat' dir='ltr'>in</span> <span class='ocrx_word' id='word_1_65' title='bbox 1281 801 1445 828; x_wconf 77' lang='lat' dir='ltr'>carcere</span> <span class='ocrx_word' id='word_1_66' title='bbox 1465 804 1473 839; x_wconf 82' lang='lat'><em>3</em></span> 
     </span>
     <span class='ocr_line' id='line_1_12' title="bbox 80 846 1473 896; baseline 0.007 -10"><span class='ocrx_word' id='word_1_67' title='bbox 80 849 103 867; x_wconf 89' lang='lat'><strong>“</strong></span> <span class='ocrx_word' id='word_1_68' title='bbox 134 846 270 887; x_wconf 87' lang='lat' dir='ltr'>oratio</span> <span class='ocrx_word' id='word_1_69' title='bbox 307 850 452 889; x_wconf 88' lang='lat' dir='ltr'>autem</span> <span class='ocrx_word' id='word_1_70' title='bbox 486 848 621 890; x_wconf 85' lang='lat' dir='ltr'>fiebat</span> <span class='ocrx_word' id='word_1_71' title='bbox 660 849 750 890; x_wconf 91' lang='lat' dir='ltr'>sine</span> <span class='ocrx_word' id='word_1_72' title='bbox 778 850 1095 893; x_wconf 77' lang='lat' dir='ltr'>intermissione</span> <span class='ocrx_word' id='word_1_73' title='bbox 1125 853 1181 893; x_wconf 82' lang='lat' dir='ltr'>ab</span> <span class='ocrx_word' id='word_1_74' title='bbox 1212 853 1387 895; x_wconf 80' lang='lat' dir='ltr'>ecclesia</span> <span class='ocrx_word' id='word_1_75' title='bbox 1417 856 1473 896; x_wconf 81' lang='lat' dir='ltr'>ad</span> 
     </span>
     <span class='ocr_line' id='line_1_13' title="bbox 80 914 1473 976; baseline 0.006 -22"><span class='ocrx_word' id='word_1_76' title='bbox 80 919 100 934; x_wconf 92' lang='lat'><em>“</em></span> <span class='ocrx_word' id='word_1_77' title='bbox 131 914 271 955; x_wconf 86' lang='lat' dir='ltr'>Deum</span> <span class='ocrx_word' id='word_1_78' title='bbox 312 929 390 970; x_wconf 88' lang='lat' dir='ltr'>pro</span> <span class='ocrx_word' id='word_1_79' title='bbox 431 915 516 958; x_wconf 85' lang='lat' dir='ltr'>eo.&#39;&#39;</span> <span class='ocrx_word' id='word_1_80' title='bbox 578 917 660 958; x_wconf 87' lang='lat' dir='ltr'>Pro</span> <span class='ocrx_word' id='word_1_81' title='bbox 701 918 967 974; x_wconf 84' lang='lat' dir='ltr'>suscipendis</span> <span class='ocrx_word' id='word_1_82' title='bbox 1007 921 1318 976; x_wconf 85' lang='lat' dir='ltr'>temporalibus</span> <span class='ocrx_word' id='word_1_83' title='bbox 1359 937 1473 963; x_wconf 89' lang='lat' dir='ltr'>com-</span> 
     </span>
     <span class='ocr_line' id='line_1_14' title="bbox 76 982 1471 1043; baseline 0.006 -21"><span class='ocrx_word' id='word_1_84' title='bbox 76 982 210 1023; x_wconf 87' lang='lat' dir='ltr'>modis</span> <span class='ocrx_word' id='word_1_85' title='bbox 241 983 287 1023; x_wconf 91' lang='lat' dir='ltr'>in</span> <span class='ocrx_word' id='word_1_86' title='bbox 308 983 338 1024; x_wconf 85' lang='lat' dir='ltr'><strong>J</strong></span> <span class='ocrx_word' id='word_1_87' title='bbox 341 984 511 1026; x_wconf 80' lang='lat' dir='ltr'>eremiae</span> <span class='ocrx_word' id='word_1_88' title='bbox 554 985 701 1028; x_wconf 59' lang='lat' dir='ltr'>xxix:</span> <span class='ocrx_word' id='word_1_89' title='bbox 730 990 751 1008; x_wconf 89' lang='lat'><strong>“</strong></span> <span class='ocrx_word' id='word_1_90' title='bbox 770 986 963 1037; x_wconf 72' lang='lat' dir='ltr'>Quaerite</span> <span class='ocrx_word' id='word_1_91' title='bbox 993 1002 1141 1043; x_wconf 90' lang='lat' dir='ltr'>pacem</span> <span class='ocrx_word' id='word_1_92' title='bbox 1177 989 1383 1039; x_wconf 75' lang='lat' dir='ltr'>civitatis,</span> <span class='ocrx_word' id='word_1_93' title='bbox 1416 992 1471 1031; x_wconf 82' lang='lat' dir='ltr'>ad</span> 
     </span>
     <span class='ocr_line' id='line_1_15' title="bbox 77 1053 1468 1112; baseline 0.006 -22"><span class='ocrx_word' id='word_1_94' title='bbox 77 1055 100 1072; x_wconf 90' lang='lat'><strong>“</strong></span> <span class='ocrx_word' id='word_1_95' title='bbox 130 1065 258 1105; x_wconf 88' lang='lat' dir='ltr'>quam</span> <span class='ocrx_word' id='word_1_96' title='bbox 309 1053 618 1109; x_wconf 77' lang='lat' dir='ltr'>transmigrare</span> <span class='ocrx_word' id='word_1_97' title='bbox 659 1068 737 1095; x_wconf 86' lang='lat' dir='ltr'>vos</span> <span class='ocrx_word' id='word_1_98' title='bbox 779 1054 889 1106; x_wconf 79' lang='lat' dir='ltr'>feci3</span> <span class='ocrx_word' id='word_1_99' title='bbox 937 1059 981 1097; x_wconf 86' lang='lat' dir='ltr'>et</span> <span class='ocrx_word' id='word_1_100' title='bbox 1023 1060 1142 1098; x_wconf 86' lang='lat' dir='ltr'>orate</span> <span class='ocrx_word' id='word_1_101' title='bbox 1194 1072 1271 1112; x_wconf 87' lang='lat' dir='ltr'>pro</span> <span class='ocrx_word' id='word_1_102' title='bbox 1324 1073 1373 1099; x_wconf 81' lang='lat' dir='ltr'>ea</span> <span class='ocrx_word' id='word_1_103' title='bbox 1413 1059 1468 1099; x_wconf 78' lang='lat' dir='ltr'>ad</span> 
     </span>
     <span class='ocr_line' id='line_1_16' title="bbox 77 1119 1466 1179; baseline 0.006 -20"><span class='ocrx_word' id='word_1_104' title='bbox 77 1123 97 1139; x_wconf 91' lang='lat'><strong>“</strong></span> <span class='ocrx_word' id='word_1_105' title='bbox 129 1119 377 1169; x_wconf 85' lang='lat' dir='ltr'>Dominum,</span> <span class='ocrx_word' id='word_1_106' title='bbox 412 1121 513 1176; x_wconf 89' lang='lat' dir='ltr'>quia</span> <span class='ocrx_word' id='word_1_107' title='bbox 549 1121 593 1162; x_wconf 86' lang='lat' dir='ltr'>in</span> <span class='ocrx_word' id='word_1_108' title='bbox 627 1137 729 1178; x_wconf 86' lang='lat' dir='ltr'>pace</span> <span class='ocrx_word' id='word_1_109' title='bbox 762 1122 895 1178; x_wconf 84' lang='lat' dir='ltr'>ipsius</span> <span class='ocrx_word' id='word_1_110' title='bbox 932 1124 1016 1165; x_wconf 84' lang='lat' dir='ltr'>crit</span> <span class='ocrx_word' id='word_1_111' title='bbox 1043 1139 1130 1179; x_wconf 86' lang='lat' dir='ltr'>pax</span> <span class='ocrx_word' id='word_1_112' title='bbox 1162 1125 1343 1166; x_wconf 47' lang='lat' dir='ltr'>vestra?</span> <span class='ocrx_word' id='word_1_113' title='bbox 1397 1126 1466 1167; x_wconf 73' lang='lat' dir='ltr'>Ad</span> 
     </span>
     <span class='ocr_line' id='line_1_17' title="bbox 17 1179 1467 1246; baseline 0.006 -20"><span class='ocrx_word' id='word_1_114' title='bbox 17 1179 19 1181; x_wconf 35' lang='lat'>¹</span> <span class='ocrx_word' id='word_1_115' title='bbox 72 1187 95 1228; x_wconf 91' lang='lat' dir='ltr'>i.</span> <span class='ocrx_word' id='word_1_116' title='bbox 127 1186 310 1229; x_wconf 88' lang='lat' dir='ltr'>Timoth.</span> <span class='ocrx_word' id='word_1_117' title='bbox 342 1189 409 1229; x_wconf 85' lang='grc'><strong>11,;</strong></span> <span class='ocrx_word' id='word_1_118' title='bbox 446 1189 670 1232; x_wconf 86' lang='lat' dir='ltr'>“Obsecro</span> <span class='ocrx_word' id='word_1_119' title='bbox 701 1190 891 1246; x_wconf 85' lang='lat' dir='ltr'>primum</span> <span class='ocrx_word' id='word_1_120' title='bbox 924 1192 1117 1233; x_wconf 87' lang='lat' dir='ltr'>omnium</span> <span class='ocrx_word' id='word_1_121' title='bbox 1149 1193 1243 1234; x_wconf 90' lang='lat' dir='ltr'>fieri</span> <span class='ocrx_word' id='word_1_122' title='bbox 1275 1194 1467 1235; x_wconf 82' lang='lat' dir='ltr'>obsecra-</span> 
     </span>
     <span class='ocr_line' id='line_1_18' title="bbox 18 1255 1464 1315; baseline 0.006 -20"><span class='ocrx_word' id='word_1_123' title='bbox 18 1307 19 1310; x_wconf 11' lang='lat'><em>*</em></span> <span class='ocrx_word' id='word_1_124' title='bbox 72 1259 94 1277; x_wconf 92' lang='lat'><strong>“</strong></span> <span class='ocrx_word' id='word_1_125' title='bbox 125 1255 272 1305; x_wconf 88' lang='lat' dir='ltr'>tiones,</span> <span class='ocrx_word' id='word_1_126' title='bbox 328 1257 557 1307; x_wconf 84' lang='lat' dir='ltr'>orationes,</span> <span class='ocrx_word' id='word_1_127' title='bbox 611 1259 937 1314; x_wconf 77' lang='lat' dir='ltr'>postulati‹·)nes‚</span> <span class='ocrx_word' id='word_1_128' title='bbox 981 1260 1223 1315; x_wconf 87' lang='lat' dir='ltr'>gratiarum</span> <span class='ocrx_word' id='word_1_129' title='bbox 1274 1263 1464 1303; x_wconf 76' lang='lat' dir='ltr'>actiones</span> 
     </span>
     <span class='ocr_line' id='line_1_19' title="bbox 17 1319 1464 1384; baseline 0.007 -23"><span class='ocrx_word' id='word_1_130' title='bbox 17 1319 19 1361; x_wconf 67' lang='lat' dir='ltr'>J</span> <span class='ocrx_word' id='word_1_131' title='bbox 72 1327 95 1346; x_wconf 88' lang='lat'>“</span> <span class='ocrx_word' id='word_1_132' title='bbox 124 1337 199 1378; x_wconf 87' lang='lat' dir='ltr'>pro</span> <span class='ocrx_word' id='word_1_133' title='bbox 231 1324 431 1366; x_wconf 85' lang='lat' dir='ltr'>omnibus</span> <span class='ocrx_word' id='word_1_134' title='bbox 459 1326 722 1379; x_wconf 83' lang='lat' dir='ltr'>hominibus,</span> <span class='ocrx_word' id='word_1_135' title='bbox 754 1342 832 1382; x_wconf 83' lang='lat' dir='ltr'>pro</span> <span class='ocrx_word' id='word_1_136' title='bbox 866 1328 1040 1383; x_wconf 81' lang='lat' dir='ltr'>regibus</span> <span class='ocrx_word' id='word_1_137' title='bbox 1072 1331 1116 1369; x_wconf 81' lang='lat' dir='ltr'>et</span> <span class='ocrx_word' id='word_1_138' title='bbox 1153 1329 1355 1370; x_wconf 82' lang='lat' dir='ltr'>omnibus</span> <span class='ocrx_word' id='word_1_139' title='bbox 1388 1330 1464 1384; x_wconf 92' lang='lat' dir='ltr'>qui</span> 
     </span>
     <span class='ocr_line' id='line_1_20' title="bbox 70 1391 1464 1451; baseline 0.005 -19"><span class='ocrx_word' id='word_1_140' title='bbox 70 1394 93 1413; x_wconf 88' lang='lat'><strong>“</strong></span> <span class='ocrx_word' id='word_1_141' title='bbox 122 1391 168 1432; x_wconf 90' lang='lat' dir='ltr'>in</span> <span class='ocrx_word' id='word_1_142' title='bbox 208 1392 480 1436; x_wconf 85' lang='lat' dir='ltr'>sublimitate</span> <span class='ocrx_word' id='word_1_143' title='bbox 521 1398 624 1436; x_wconf 86' lang='lat' dir='ltr'>sunt</span> <span class='ocrx_word' id='word_1_144' title='bbox 666 1395 908 1444; x_wconf 74' lang='lat' dir='ltr'>constituti,</span> <span class='ocrx_word' id='word_1_145' title='bbox 944 1399 996 1436; x_wconf 87' lang='lat' dir='ltr'>ut</span> <span class='ocrx_word' id='word_1_146' title='bbox 1038 1396 1230 1451; x_wconf 82' lang='lat' dir='ltr'>quietam</span> <span class='ocrx_word' id='word_1_147' title='bbox 1265 1400 1309 1438; x_wconf 88' lang='lat' dir='ltr'>et</span> <span class='ocrx_word' id='word_1_148' title='bbox 1343 1401 1464 1438; x_wconf 83' lang='lat' dir='ltr'>tran·-</span> 
     </span>
     <span class='ocr_line' id='line_1_21' title="bbox 18 1460 1462 1519; baseline 0.003 -19"><span class='ocrx_word' id='word_1_149' title='bbox 18 1498 19 1508; x_wconf 63' lang='grc'>,</span> <span class='ocrx_word' id='word_1_150' title='bbox 71 1463 94 1482; x_wconf 87' lang='grc'><strong><em>“</em></strong></span> <span class='ocrx_word' id='word_1_151' title='bbox 123 1460 300 1515; x_wconf 88' lang='lat' dir='ltr'>quillam</span> <span class='ocrx_word' id='word_1_152' title='bbox 332 1462 472 1503; x_wconf 85' lang='lat' dir='ltr'>vitam</span> <span class='ocrx_word' id='word_1_153' title='bbox 510 1478 688 1519; x_wconf 78' lang='lat' dir='ltr'>agamus</span> <span class='ocrx_word' id='word_1_154' title='bbox 720 1464 767 1504; x_wconf 88' lang='lat' dir='ltr'>in</span> <span class='ocrx_word' id='word_1_155' title='bbox 801 1464 918 1505; x_wconf 88' lang='grc'><strong>0111111</strong></span> <span class='ocrx_word' id='word_1_156' title='bbox 951 1464 1114 1519; x_wconf 87' lang='lat' dir='ltr'>pietate</span> <span class='ocrx_word' id='word_1_157' title='bbox 1147 1467 1191 1505; x_wconf 86' lang='lat' dir='ltr'>et</span> <span class='ocrx_word' id='word_1_158' title='bbox 1222 1465 1462 1507; x_wconf 44' lang='lat' dir='ltr'>castitate?</span> 
     </span>
     <span class='ocr_line' id='line_1_22' title="bbox 17 1523 1462 1589; baseline 0.003 -18"><span class='ocrx_word' id='word_1_159' title='bbox 17 1547 19 1571; x_wconf 68' lang='lat' dir='ltr'><em>s</em></span> <span class='ocrx_word' id='word_1_160' title='bbox 68 1523 148 1569; x_wconf 87' lang='lat' dir='ltr'>Pro</span> <span class='ocrx_word' id='word_1_161' title='bbox 174 1532 358 1585; x_wconf 88' lang='lat' dir='ltr'>utroque</span> <span class='ocrx_word' id='word_1_162' title='bbox 380 1530 427 1571; x_wconf 89' lang='lat' dir='ltr'>in</span> <span class='ocrx_word' id='word_1_163' title='bbox 444 1531 485 1572; x_wconf 90' lang='lat' dir='ltr'>ii.</span> <span class='ocrx_word' id='word_1_164' title='bbox 505 1531 642 1573; x_wconf 89' lang='lat' dir='ltr'>Paral.</span> <span class='ocrx_word' id='word_1_165' title='bbox 665 1532 841 1573; x_wconf 69' lang='lat' dir='ltr'>xxxiii:</span> <span class='ocrx_word' id='word_1_166' title='bbox 865 1533 1124 1585; x_wconf 65' lang='lat' dir='ltr'>“Manasses,</span> <span class='ocrx_word' id='word_1_167' title='bbox 1142 1536 1373 1589; x_wconf 82' lang='lat' dir='ltr'>postquam</span> <span class='ocrx_word' id='word_1_168' title='bbox 1396 1549 1462 1576; x_wconf 93' lang='lat' dir='ltr'>co-</span> 
     </span>
     <span class='ocr_line' id='line_1_23' title="bbox 17 1599 1460 1657; baseline 0.004 -20"><span class='ocrx_word' id='word_1_169' title='bbox 17 1614 19 1651; x_wconf 61' lang='lat' dir='ltr'>g</span> <span class='ocrx_word' id='word_1_170' title='bbox 69 1599 90 1618; x_wconf 86' lang='lat'><strong>“</strong></span> <span class='ocrx_word' id='word_1_171' title='bbox 120 1601 379 1652; x_wconf 84' lang='lat' dir='ltr'>angustatus</span> <span class='ocrx_word' id='word_1_172' title='bbox 412 1602 488 1647; x_wconf 81' lang='lat' dir='ltr'>est,</span> <span class='ocrx_word' id='word_1_173' title='bbox 513 1599 657 1641; x_wconf 85' lang='lat' dir='ltr'>oravit</span> <span class='ocrx_word' id='word_1_174' title='bbox 681 1599 918 1642; x_wconf 86' lang='lat' dir='ltr'>Dominum</span> <span class='ocrx_word' id='word_1_175' title='bbox 956 1600 1099 1642; x_wconf 88' lang='lat' dir='ltr'>Deum</span> <span class='ocrx_word' id='word_1_176' title='bbox 1121 1614 1259 1651; x_wconf 45' lang='lat' dir='ltr'>suum)</span> <span class='ocrx_word' id='word_1_177' title='bbox 1293 1605 1337 1643; x_wconf 89' lang='lat' dir='ltr'>et</span> <span class='ocrx_word' id='word_1_178' title='bbox 1369 1603 1460 1657; x_wconf 86' lang='lat' dir='ltr'>egit</span> 
     </span>
     <span class='ocr_line' id='line_1_24' title="bbox 17 1654 1461 1724; baseline 0.003 -17"><span class='ocrx_word' id='word_1_179' title='bbox 17 1654 18 1695; x_wconf 63' lang='grc' dir='ltr'>Ῐ</span> <span class='ocrx_word' id='word_1_180' title='bbox 66 1671 88 1688; x_wconf 86' lang='grc'>“</span> <span class='ocrx_word' id='word_1_181' title='bbox 116 1666 420 1721; x_wconf 83' lang='lat' dir='ltr'>poenitentiam</span> <span class='ocrx_word' id='word_1_182' title='bbox 456 1668 583 1710; x_wconf 81' lang='lat' dir='ltr'>valde</span> <span class='ocrx_word' id='word_1_183' title='bbox 617 1682 759 1710; x_wconf 86' lang='lat' dir='ltr'>coram</span> <span class='ocrx_word' id='word_1_184' title='bbox 794 1669 888 1710; x_wconf 86' lang='lat' dir='ltr'>Deo</span> <span class='ocrx_word' id='word_1_185' title='bbox 919 1672 1094 1724; x_wconf 86' lang='lat' dir='ltr'>patrum</span> <span class='ocrx_word' id='word_1_186' title='bbox 1124 1683 1309 1711; x_wconf 84' lang='lat' dir='ltr'>suorum.</span> <span class='ocrx_word' id='word_1_187' title='bbox 1373 1670 1461 1712; x_wconf 74' lang='lat' dir='ltr'>De-</span> 
     </span>
     <span class='ocr_line' id='line_1_25' title="bbox 65 1736 1458 1791; baseline 0.003 -15"><span class='ocrx_word' id='word_1_188' title='bbox 65 1738 397 1791; x_wconf 82' lang='lat' dir='ltr'>“precatusque</span> <span class='ocrx_word' id='word_1_189' title='bbox 437 1740 502 1778; x_wconf 90' lang='lat' dir='ltr'>est</span> <span class='ocrx_word' id='word_1_190' title='bbox 547 1736 661 1778; x_wconf 89' lang='lat' dir='ltr'>Eum</span> <span class='ocrx_word' id='word_1_191' title='bbox 706 1740 749 1778; x_wconf 89' lang='lat' dir='ltr'>et</span> <span class='ocrx_word' id='word_1_192' title='bbox 792 1737 1035 1778; x_wconf 78' lang='lat' dir='ltr'>ol:›secravit</span> <span class='ocrx_word' id='word_1_193' title='bbox 1076 1738 1256 1787; x_wconf 81' lang='lat' dir='ltr'>intente,</span> <span class='ocrx_word' id='word_1_194' title='bbox 1300 1741 1344 1779; x_wconf 90' lang='lat' dir='ltr'>et</span> <span class='ocrx_word' id='word_1_195' title='bbox 1386 1753 1458 1780; x_wconf 83' lang='lat' dir='ltr'>ex-</span> 
     </span>
     <span class='ocr_line' id='line_1_26' title="bbox 17 1804 1457 1860; baseline 0.001 -15"><span class='ocrx_word' id='word_1_196' title='bbox 17 1807 19 1852; x_wconf 79' lang='grc' dir='ltr'><em>ζ</em></span> <span class='ocrx_word' id='word_1_197' title='bbox 63 1809 85 1826; x_wconf 83' lang='grc'>“</span> <span class='ocrx_word' id='word_1_198' title='bbox 115 1804 285 1846; x_wconf 85' lang='lat' dir='ltr'>audivit</span> <span class='ocrx_word' id='word_1_199' title='bbox 315 1805 554 1846; x_wconf 84' lang='lat' dir='ltr'>orationem</span> <span class='ocrx_word' id='word_1_200' title='bbox 587 1805 678 1860; x_wconf 86' lang='lat' dir='ltr'>ejus</span> <span class='ocrx_word' id='word_1_201' title='bbox 710 1808 754 1846; x_wconf 86' lang='lat' dir='ltr'>et</span> <span class='ocrx_word' id='word_1_202' title='bbox 784 1805 963 1846; x_wconf 82' lang='lat' dir='ltr'>reduxit</span> <span class='ocrx_word' id='word_1_203' title='bbox 994 1820 1093 1846; x_wconf 86' lang='lat' dir='ltr'>eum</span> <span class='ocrx_word' id='word_1_204' title='bbox 1125 1806 1171 1846; x_wconf 85' lang='lat' dir='ltr'>in</span> <span class='ocrx_word' id='word_1_205' title='bbox 1202 1805 1457 1859; x_wconf 81' lang='lat' dir='ltr'>Jerusalem,</span> 
     </span>
     <span class='ocr_line' id='line_1_27' title="bbox 64 1871 1455 1929; baseline 0.001 -16"><span class='ocrx_word' id='word_1_206' title='bbox 64 1877 85 1894; x_wconf 86' lang='lat'><em>“</em></span> <span class='ocrx_word' id='word_1_207' title='bbox 116 1871 161 1913; x_wconf 85' lang='lat' dir='ltr'>in</span> <span class='ocrx_word' id='word_1_208' title='bbox 183 1887 365 1929; x_wconf 87' lang='lat' dir='ltr'>regnum</span> <span class='ocrx_word' id='word_1_209' title='bbox 386 1872 551 1915; x_wconf 82' lang='lat' dir='ltr'>suum.”</span> <span class='ocrx_word' id='word_1_210' title='bbox 606 1873 665 1914; x_wconf 90' lang='lat' dir='ltr'>Et</span> <span class='ocrx_word' id='word_1_211' title='bbox 688 1874 863 1924; x_wconf 79' lang='lat' dir='ltr'>iterum,</span> <span class='ocrx_word' id='word_1_212' title='bbox 889 1873 1068 1914; x_wconf 80' lang='lat' dir='ltr'>Roman.</span> <span class='ocrx_word' id='word_1_213' title='bbox 1092 1888 1161 1914; x_wconf 82' lang='lat' dir='ltr'>xv.</span> <span class='ocrx_word' id='word_1_214' title='bbox 1186 1889 1194 1914; x_wconf 76' lang='grc' dir='ltr'>ε</span> <span class='ocrx_word' id='word_1_215' title='bbox 1231 1878 1254 1895; x_wconf 87' lang='lat'><strong>“</strong></span> <span class='ocrx_word' id='word_1_216' title='bbox 1269 1874 1455 1915; x_wconf 76' lang='lat' dir='ltr'>Obsecro</span> 
     </span>
     <span class='ocr_line' id='line_1_28' title="bbox 17 1940 1454 1998; baseline 0.001 -16"><span class='ocrx_word' id='word_1_217' title='bbox 17 1980 18 1993; x_wconf 36' lang='lat'>2</span> <span class='ocrx_word' id='word_1_218' title='bbox 63 1940 250 1997; x_wconf 87' lang='lat' dir='ltr'>“igitur</span> <span class='ocrx_word' id='word_1_219' title='bbox 284 1951 372 1993; x_wconf 79' lang='lat' dir='ltr'>vos,</span> <span class='ocrx_word' id='word_1_220' title='bbox 414 1942 579 1994; x_wconf 82' lang='lat' dir='ltr'>fratres,</span> <span class='ocrx_word' id='word_1_221' title='bbox 622 1954 699 1998; x_wconf 81' lang='lat' dir='ltr'>per</span> <span class='ocrx_word' id='word_1_222' title='bbox 741 1942 981 1983; x_wconf 87' lang='lat' dir='ltr'>Dominum</span> <span class='ocrx_word' id='word_1_223' title='bbox 1022 1941 1174 1983; x_wconf 73' lang='lat' dir='ltr'>Jesum</span> <span class='ocrx_word' id='word_1_224' title='bbox 1217 1941 1454 1994; x_wconf 77' lang='lat' dir='ltr'>Christum⁷</span> 
     </span>
     <span class='ocr_line' id='line_1_29' title="bbox 17 2008 1451 2066; baseline 0.001 -16"><span class='ocrx_word' id='word_1_225' title='bbox 17 2026 18 2059; x_wconf 75' lang='lat'>3</span> <span class='ocrx_word' id='word_1_226' title='bbox 61 2012 84 2030; x_wconf 92' lang='lat'><strong>“</strong></span> <span class='ocrx_word' id='word_1_227' title='bbox 114 2012 158 2050; x_wconf 86' lang='lat' dir='ltr'>et</span> <span class='ocrx_word' id='word_1_228' title='bbox 187 2024 263 2065; x_wconf 86' lang='lat' dir='ltr'>per</span> <span class='ocrx_word' id='word_1_229' title='bbox 294 2011 522 2052; x_wconf 87' lang='lat' dir='ltr'>caritatem</span> <span class='ocrx_word' id='word_1_230' title='bbox 555 2010 744 2066; x_wconf 83' lang='lat' dir='ltr'>Spiritus</span> <span class='ocrx_word' id='word_1_231' title='bbox 774 2010 938 2059; x_wconf 82' lang='lat' dir='ltr'>Sancti,</span> <span class='ocrx_word' id='word_1_232' title='bbox 968 2012 1019 2050; x_wconf 90' lang='lat' dir='ltr'>ut</span> <span class='ocrx_word' id='word_1_233' title='bbox 1050 2008 1270 2064; x_wconf 77' lang='lat' dir='ltr'>adjuvetis</span> <span class='ocrx_word' id='word_1_234' title='bbox 1303 2025 1371 2051; x_wconf 89' lang='lat' dir='ltr'>me</span> <span class='ocrx_word' id='word_1_235' title='bbox 1406 2011 1451 2051; x_wconf 89' lang='lat' dir='ltr'>in</span> 
     </span>
     <span class='ocr_line' id='line_1_30' title="bbox 17 2064 1450 2133; baseline 0 -14"><span class='ocrx_word' id='word_1_236' title='bbox 17 2064 18 2133; x_wconf 28' lang='lat' dir='ltr'>j</span> <span class='ocrx_word' id='word_1_237' title='bbox 61 2083 83 2098; x_wconf 88' lang='lat'><strong>“</strong></span> <span class='ocrx_word' id='word_1_238' title='bbox 112 2078 380 2120; x_wconf 86' lang='lat' dir='ltr'>orationibus</span> <span class='ocrx_word' id='word_1_239' title='bbox 417 2079 472 2119; x_wconf 86' lang='lat' dir='ltr'>ad</span> <span class='ocrx_word' id='word_1_240' title='bbox 509 2079 664 2129; x_wconf 75' lang='lat' dir='ltr'>Deum,</span> <span class='ocrx_word' id='word_1_241' title='bbox 701 2082 752 2119; x_wconf 88' lang='lat' dir='ltr'>ut</span> <span class='ocrx_word' id='word_1_242' title='bbox 787 2078 946 2119; x_wconf 82' lang='lat' dir='ltr'>liberer</span> <span class='ocrx_word' id='word_1_243' title='bbox 987 2077 1042 2118; x_wconf 83' lang='lat' dir='ltr'>ab</span> <span class='ocrx_word' id='word_1_244' title='bbox 1079 2077 1339 2127; x_wconf 82' lang='lat' dir='ltr'>infidelibus,</span> <span class='ocrx_word' id='word_1_245' title='bbox 1376 2079 1450 2133; x_wconf 85' lang='lat' dir='ltr'>qui</span> 
     </span>
     <span class='ocr_line' id='line_1_31' title="bbox 17 2145 1451 2202; baseline 0 -16"><span class='ocrx_word' id='word_1_246' title='bbox 17 2174 18 2186; x_wconf 47' lang='grc'>1</span> <span class='ocrx_word' id='word_1_247' title='bbox 61 2149 83 2166; x_wconf 83' lang='grc'><strong>“</strong></span> <span class='ocrx_word' id='word_1_248' title='bbox 113 2149 213 2188; x_wconf 88' lang='lat' dir='ltr'>sunt</span> <span class='ocrx_word' id='word_1_249' title='bbox 234 2146 281 2187; x_wconf 90' lang='lat' dir='ltr'>in</span> <span class='ocrx_word' id='word_1_250' title='bbox 306 2147 474 2198; x_wconf 80' lang='lat' dir='ltr'>Judaea,</span> <span class='ocrx_word' id='word_1_251' title='bbox 498 2151 543 2188; x_wconf 88' lang='lat' dir='ltr'>et</span> <span class='ocrx_word' id='word_1_252' title='bbox 575 2146 769 2201; x_wconf 83' lang='lat' dir='ltr'>obsequii</span> <span class='ocrx_word' id='word_1_253' title='bbox 798 2146 883 2187; x_wconf 90' lang='lat' dir='ltr'>mei</span> <span class='ocrx_word' id='word_1_254' title='bbox 916 2145 1079 2187; x_wconf 79' lang='lat' dir='ltr'>oblatio</span> <span class='ocrx_word' id='word_1_255' title='bbox 1108 2149 1284 2202; x_wconf 85' lang='lat' dir='ltr'>accepta</span> <span class='ocrx_word' id='word_1_256' title='bbox 1305 2147 1383 2186; x_wconf 87' lang='lat' dir='ltr'>fiat</span> <span class='ocrx_word' id='word_1_257' title='bbox 1404 2147 1451 2187; x_wconf 89' lang='lat' dir='ltr'>in</span> 
     </span>
     <span class='ocr_line' id='line_1_32' title="bbox 17 2213 1451 2269; baseline 0.001 -15"><span class='ocrx_word' id='word_1_258' title='bbox 17 2226 18 2229; x_wconf 74' lang='grc'>’</span> <span class='ocrx_word' id='word_1_259' title='bbox 60 2217 82 2235; x_wconf 86' lang='lat'><strong>“</strong></span> <span class='ocrx_word' id='word_1_260' title='bbox 111 2213 350 2256; x_wconf 83' lang='lat' dir='ltr'>Jerusalem</span> <span class='ocrx_word' id='word_1_261' title='bbox 392 2215 562 2263; x_wconf 82' lang='lat' dir='ltr'>sanctis,</span> <span class='ocrx_word' id='word_1_262' title='bbox 596 2218 649 2255; x_wconf 89' lang='lat' dir='ltr'>ut</span> <span class='ocrx_word' id='word_1_263' title='bbox 684 2214 859 2256; x_wconf 83' lang='lat' dir='ltr'>veniam</span> <span class='ocrx_word' id='word_1_264' title='bbox 900 2214 956 2254; x_wconf 82' lang='lat' dir='ltr'>ad</span> <span class='ocrx_word' id='word_1_265' title='bbox 992 2228 1069 2255; x_wconf 85' lang='lat' dir='ltr'>vos</span> <span class='ocrx_word' id='word_1_266' title='bbox 1105 2214 1151 2254; x_wconf 90' lang='lat' dir='ltr'>in</span> <span class='ocrx_word' id='word_1_267' title='bbox 1182 2215 1342 2269; x_wconf 84' lang='lat' dir='ltr'>gaudio</span> <span class='ocrx_word' id='word_1_268' title='bbox 1375 2229 1451 2269; x_wconf 79' lang='lat' dir='ltr'>per</span> 
     </span>
     <span class='ocr_line' id='line_1_33' title="bbox 17 2269 1449 2338; baseline 0.001 -16"><span class='ocrx_word' id='word_1_269' title='bbox 17 2269 18 2274; x_wconf 24' lang='lat'>¹</span> <span class='ocrx_word' id='word_1_270' title='bbox 59 2285 80 2302; x_wconf 87' lang='lat'><strong>“</strong></span> <span class='ocrx_word' id='word_1_271' title='bbox 111 2282 378 2324; x_wconf 87' lang='lat' dir='ltr'>voluntatem</span> <span class='ocrx_word' id='word_1_272' title='bbox 412 2283 509 2334; x_wconf 82' lang='lat' dir='ltr'>Dei,</span> <span class='ocrx_word' id='word_1_273' title='bbox 541 2286 586 2324; x_wconf 89' lang='lat' dir='ltr'>et</span> <span class='ocrx_word' id='word_1_274' title='bbox 616 2283 843 2338; x_wconf 75' lang='lat' dir='ltr'>refrigerer</span> <span class='ocrx_word' id='word_1_275' title='bbox 872 2280 1135 2323; x_wconf 81' lang='lat' dir='ltr'>Vobiscum.”</span> <span class='ocrx_word' id='word_1_276' title='bbox 1186 2282 1269 2323; x_wconf 87' lang='lat' dir='ltr'>Pro</span> <span class='ocrx_word' id='word_1_277' title='bbox 1301 2282 1449 2337; x_wconf 80' lang='lat' dir='ltr'>expia-</span> 
     </span>
     <span class='ocr_line' id='line_1_34' title="bbox 57 2349 1447 2392; baseline 0.001 -2"><span class='ocrx_word' id='word_1_278' title='bbox 57 2349 170 2391; x_wconf 84' lang='lat' dir='ltr'>tione</span> <span class='ocrx_word' id='word_1_279' title='bbox 190 2351 399 2392; x_wconf 85' lang='lat' dir='ltr'>vitiorum</span> <span class='ocrx_word' id='word_1_280' title='bbox 425 2350 471 2391; x_wconf 90' lang='lat' dir='ltr'>in</span> <span class='ocrx_word' id='word_1_281' title='bbox 504 2351 614 2392; x_wconf 87' lang='lat' dir='ltr'>Eccl.</span> <span class='ocrx_word' id='word_1_282' title='bbox 641 2351 792 2392; x_wconf 66' lang='lat' dir='ltr'>xxiii:</span> <span class='ocrx_word' id='word_1_283' title='bbox 831 2349 1055 2391; x_wconf 81' lang='lat' dir='ltr'>“Domine</span> <span class='ocrx_word' id='word_1_284' title='bbox 1088 2349 1220 2390; x_wconf 85' lang='lat' dir='ltr'>Pater</span> <span class='ocrx_word' id='word_1_285' title='bbox 1251 2353 1295 2391; x_wconf 89' lang='lat' dir='ltr'>et</span> <span class='ocrx_word' id='word_1_286' title='bbox 1328 2350 1447 2391; x_wconf 85' lang='lat' dir='ltr'>Deus</span> 
     </span>
     <span class='ocr_line' id='line_1_35' title="bbox 17 2404 1448 2474; baseline 0.001 -16"><span class='ocrx_word' id='word_1_287' title='bbox 17 2404 18 2430; x_wconf 41' lang='lat' dir='ltr'>l</span> <span class='ocrx_word' id='word_1_288' title='bbox 60 2415 81 2438; x_wconf 68' lang='lat'>‘²</span> <span class='ocrx_word' id='word_1_289' title='bbox 109 2417 212 2460; x_wconf 73' lang='lat' dir='ltr'>vitae</span> <span class='ocrx_word' id='word_1_290' title='bbox 243 2433 350 2461; x_wconf 75' lang='lat' dir='ltr'>meae</span> <span class='ocrx_word' id='word_1_291' title='bbox 387 2433 441 2460; x_wconf 88' lang='grc'>110</span> <span class='ocrx_word' id='word_1_292' title='bbox 483 2418 755 2474; x_wconf 85' lang='lat' dir='ltr'>derelinquas</span> <span class='ocrx_word' id='word_1_293' title='bbox 792 2433 859 2460; x_wconf 89' lang='lat' dir='ltr'>mc</span> <span class='ocrx_word' id='word_1_294' title='bbox 898 2418 943 2458; x_wconf 91' lang='lat' dir='ltr'>in</span> <span class='ocrx_word' id='word_1_295' title='bbox 978 2418 1173 2473; x_wconf 85' lang='lat' dir='ltr'>cogitatu</span> <span class='ocrx_word' id='word_1_296' title='bbox 1206 2432 1364 2469; x_wconf 87' lang='grc'><strong>00111111,</strong></span> <span class='ocrx_word' id='word_1_297' title='bbox 1403 2421 1448 2459; x_wconf 92' lang='lat' dir='ltr'>et</span> 
     </span>
     <span class='ocr_line' id='line_1_36' title="bbox 17 2485 1447 2537; baseline 0.001 -11"><span class='ocrx_word' id='word_1_298' title='bbox 17 2501 18 2537; x_wconf 65' lang='grc'>1</span> <span class='ocrx_word' id='word_1_299' title='bbox 58 2488 81 2507; x_wconf 87' lang='grc'><strong>“</strong></span> <span class='ocrx_word' id='word_1_300' title='bbox 110 2486 412 2528; x_wconf 78' lang='lat' dir='ltr'>extollentiam</span> <span class='ocrx_word' id='word_1_301' title='bbox 453 2486 675 2528; x_wconf 86' lang='lat' dir='ltr'>oculorum</span> <span class='ocrx_word' id='word_1_302' title='bbox 716 2501 911 2528; x_wconf 86' lang='lat' dir='ltr'>meorum</span> <span class='ocrx_word' id='word_1_303' title='bbox 953 2500 1008 2526; x_wconf 88' lang='lat' dir='ltr'>ne</span> <span class='ocrx_word' id='word_1_304' title='bbox 1045 2485 1211 2527; x_wconf 83' lang='lat' dir='ltr'>dederis</span> <span class='ocrx_word' id='word_1_305' title='bbox 1244 2485 1364 2537; x_wconf 88' lang='lat' dir='ltr'>mihi,</span> <span class='ocrx_word' id='word_1_306' title='bbox 1403 2489 1447 2527; x_wconf 92' lang='lat' dir='ltr'>et</span> 
     </span>
     <span class='ocr_line' id='line_1_37' title="bbox 59 2554 1445 2598; baseline -0.001 -3"><span class='ocrx_word' id='word_1_307' title='bbox 59 2557 81 2576; x_wconf 94' lang='lat'><strong>“</strong></span> <span class='ocrx_word' id='word_1_308' title='bbox 112 2568 236 2596; x_wconf 89' lang='lat' dir='ltr'>omne</span> <span class='ocrx_word' id='word_1_309' title='bbox 269 2555 530 2597; x_wconf 83' lang='lat' dir='ltr'>desiderium</span> <span class='ocrx_word' id='word_1_310' title='bbox 563 2558 712 2598; x_wconf 86' lang='lat' dir='ltr'>averte</span> <span class='ocrx_word' id='word_1_311' title='bbox 747 2570 773 2596; x_wconf 88' lang='lat' dir='ltr'>a</span> <span class='ocrx_word' id='word_1_312' title='bbox 807 2570 903 2596; x_wconf 88' lang='lat' dir='ltr'>me:</span> <span class='ocrx_word' id='word_1_313' title='bbox 958 2554 1080 2595; x_wconf 88' lang='lat' dir='ltr'>aufer</span> <span class='ocrx_word' id='word_1_314' title='bbox 1116 2570 1142 2595; x_wconf 91' lang='lat' dir='ltr'>a</span> <span class='ocrx_word' id='word_1_315' title='bbox 1175 2569 1243 2595; x_wconf 88' lang='grc'><strong>1110</strong></span> <span class='ocrx_word' id='word_1_316' title='bbox 1277 2554 1445 2595; x_wconf 83' lang='lat' dir='ltr'>ventris</span> 
     </span>
     <span class='ocr_line' id='line_1_38' title="bbox 57 2620 1446 2679; baseline -0.001 -15"><span class='ocrx_word' id='word_1_317' title='bbox 57 2625 78 2643; x_wconf 90' lang='lat'><strong>“</strong></span> <span class='ocrx_word' id='word_1_318' title='bbox 107 2623 472 2679; x_wconf 86' lang='lat' dir='ltr'>concupiscentias</span> <span class='ocrx_word' id='word_1_319' title='bbox 505 2627 549 2665; x_wconf 91' lang='lat' dir='ltr'>et</span> <span class='ocrx_word' id='word_1_320' title='bbox 582 2623 849 2671; x_wconf 88' lang='lat' dir='ltr'>concubitus,</span> <span class='ocrx_word' id='word_1_321' title='bbox 889 2636 942 2663; x_wconf 90' lang='lat' dir='ltr'>ne</span> <span class='ocrx_word' id='word_1_322' title='bbox 977 2621 1310 2677; x_wconf 84' lang='lat' dir='ltr'>apprehendant</span> <span class='ocrx_word' id='word_1_323' title='bbox 1341 2620 1446 2663; x_wconf 76' lang='lat' dir='ltr'>1ne.&#39;’</span> 
     </span>
     <span class='ocr_line' id='line_1_39' title="bbox 55 2687 1442 2746; baseline 0 -17"><span class='ocrx_word' id='word_1_324' title='bbox 55 2687 112 2730; x_wconf 80' lang='lat' dir='ltr'>Et</span> <span class='ocrx_word' id='word_1_325' title='bbox 131 2689 176 2731; x_wconf 89' lang='lat' dir='ltr'>in</span> <span class='ocrx_word' id='word_1_326' title='bbox 197 2691 344 2734; x_wconf 76' lang='lat' dir='ltr'>Jacob.</span> <span class='ocrx_word' id='word_1_327' title='bbox 364 2706 424 2734; x_wconf 88' lang='lat' dir='ltr'>v.:</span> <span class='ocrx_word' id='word_1_328' title='bbox 452 2696 475 2714; x_wconf 72' lang='lat'>‘⁴</span> <span class='ocrx_word' id='word_1_329' title='bbox 491 2691 751 2733; x_wconf 72' lang='lat' dir='ltr'>infirmatur</span> <span class='ocrx_word' id='word_1_330' title='bbox 772 2690 868 2746; x_wconf 90' lang='lat' dir='ltr'>quis</span> <span class='ocrx_word' id='word_1_331' title='bbox 888 2689 936 2730; x_wconf 90' lang='lat' dir='ltr'>in</span> <span class='ocrx_word' id='word_1_332' title='bbox 957 2689 1105 2731; x_wconf 71' lang='lat' dir='ltr'>vobis?</span> <span class='ocrx_word' id='word_1_333' title='bbox 1126 2689 1307 2730; x_wconf 84' lang='lat' dir='ltr'>inducat</span> <span class='ocrx_word' id='word_1_334' title='bbox 1329 2703 1442 2744; x_wconf 80' lang='lat' dir='ltr'>pres-</span> 
     </span>
    </p>
   </div>
   <div class='ocr_carea' id='block_1_6' title="bbox 95 2784 932 2802">
    <p class='ocr_par' dir='ltr' id='par_1_6' title="bbox 95 2784 932 2802">
     <span class='ocr_line' id='line_1_40' title="bbox 95 2784 932 2802; baseline 0 0"><span class='ocrx_word' id='word_1_335' title='bbox 95 2784 932 2802; x_wconf 95' lang='lat' dir='ltr'> </span> 
     </span>
    </p>
   </div>
   <div class='ocr_carea' id='block_1_7' title="bbox 425 2841 1042 2887">
    <p class='ocr_par' dir='ltr' id='par_1_7' title="bbox 425 2841 1042 2887">
     <span class='ocr_line' id='line_1_41' title="bbox 425 2841 1042 2887; baseline -0.002 -12"><span class='ocrx_word' id='word_1_336' title='bbox 425 2843 432 2860; x_wconf 80' lang='lat'>¹</span> <span class='ocrx_word' id='word_1_337' title='bbox 455 2842 666 2887; x_wconf 68' lang='lat' dir='ltr'>propcllendis</span> <span class='ocrx_word' id='word_1_338' title='bbox 683 2848 728 2876; x_wconf 74' lang='lat' dir='ltr'>cst</span> <span class='ocrx_word' id='word_1_339' title='bbox 746 2841 833 2883; x_wconf 70' lang='lat' dir='ltr'>illud,</span> <span class='ocrx_word' id='word_1_340' title='bbox 851 2843 888 2874; x_wconf 90' lang='lat' dir='ltr'>B.</span> <span class='ocrx_word' id='word_1_341' title='bbox 907 2850 1042 2884; x_wconf 70' lang='lat' dir='ltr'>sempor.</span> 
     </span>
    </p>
   </div>
  </div>
 </body>
</html>
