1905 3180
223 367 287 398 and
304 377 381 397 eon-

221 416 300 441 vent
316 410 354 440 of

222 454 352 495 Oseney

220 497 321 537 going
340 503 372 529 to

220 542 335 573 Rome.

213 1808 301 1849 Begs
317 1808 386 1839 him

215 1857 248 1883 to
264 1853 341 1884 visit
353 1853 407 1884 the

215 1896 338 1937 Bishop
355 1898 393 1928 of

213 1940 364 1977 Lincoln‚

215 1985 324 2016 where
340 1985 381 2016 he

215 2034 348 2068 expects
364 2034 397 2060 to

215 2077 301 2103 meet
317 2073 394 2104 him.

215 2353 304 2395 Aug.
334 2356 419 2388 15th.

444 243 529 284 386
932 250 1039 281 ADAE
1070 250 1131 279 DE
1161 249 1358 280 MAmsco

443 367 665 410 ternitatis
714 369 869 408 vestrae
918 365 1226 406 discretionem
1293 365 1570 421 interpellare
1633 363 1850 416 consensi,

441 450 598 490 rogans
653 434 867 475 attentius
909 437 1124 488 quatenus
1168 433 1438 488 procuratori
1493 434 1740 483 eorundem,
1784 431 1843 474 ad

445 503 623 544 Curiam
656 502 899 542 Romanam
931 516 1008 556 pro
1043 502 1304 555 quibusdam
1339 501 1618 556 negotiorum
1664 514 1841 543 suorum

442 570 656 626 urgentiis
717 569 1018 624 proficiscenti,
1076 568 1259 610 efficacis
1307 569 1520 624 adjutorii
1588 567 1844 610 subventio—

442 653 553 687 nem,
586 641 630 679 et
668 638 951 679 directionem
983 637 1155 678 consilii
1187 637 1403 688 salutaris,
1427 637 1665 678 secundum
1695 650 1841 678 rerum

441 706 651 760 requisita
692 705 897 746 exhibere
928 719 1017 745 non
1054 704 1223 745 ducatis
1265 705 1508 760 indignum.
1573 705 1742 756 Quibus
1785 703 1842 745 ad

441 788 666 814 causarum
688 787 865 814 suarum
897 772 1255 827 importunitates
1277 773 1464 814 maxime
1485 775 1592 828 puto
1621 772 1712 813 fore
1743 785 1844 813 con-

442 841 606 881 sultum
649 844 710 891 ut,
755 841 791 881 si
835 854 920 895 quo
965 840 1094 881 modo
1139 841 1235 881 fieri
1281 841 1452 896 poterit,
1500 855 1576 895 per
1615 840 1842 881 honestam

441 909 559 963 pacis
590 908 773 949 formam
805 908 952 948 litium
984 908 1198 949 instantia
1229 908 1515 962 conquiescat.

500 976 659 1016 Valeat
710 975 1027 1016 incolumitatis
1086 979 1245 1017 vestrae
1304 975 1496 1030 benigna
1548 975 1745 1016 suavitas
1796 974 1843 1015 in

442 1042 615 1083 Christo
648 1042 755 1083 Jesu
802 1057 970 1098 semper
1013 1046 1058 1084 et
1097 1043 1352 1085 beatissima
1383 1043 1576 1099 Virgine.
1640 1042 1848 1098 Exponet

438 1110 563 1150 vobis
596 1111 802 1165 praefatus
849 1115 1114 1166 procurator,
1149 1112 1185 1152 si
1217 1111 1372 1167 placet,
1406 1111 1512 1152 viva
1554 1125 1660 1152 voce
1708 1110 1844 1152 facto-

437 1193 533 1218 rum
566 1178 926 1229 circumstantias,
960 1182 1011 1219 ut
1042 1180 1143 1220 inde
1178 1179 1460 1220 deliberatius
1491 1178 1653 1220 mentis
1684 1180 1843 1219 vestrae

437 1246 712 1295 sententiam,
750 1249 802 1287 ut
838 1247 1051 1288 noveritis
1095 1250 1138 1288 et
1171 1246 1408 1297 volueritis,
1448 1246 1614 1304 aperire
1645 1245 1842 1287 valeatis.

440 1314 495 1354 In
525 1317 738 1355 aeternum
769 1314 922 1355 valete.

1027 1464 1226 1506 CCXIX.

437 1571 716 1614 Honorabili
745 1571 845 1613 viro
883 1576 920 1613 ct
952 1572 1080 1627 patri
1120 1571 1456 1623 mnrcmtz'ssc'ono,
1481 1571 1640 1614 Fratri
1662 1572 1720 1624 J„
1754 1572 1844 1614 Do-

558 1639 684 1681 mini
737 1640 880 1695 Papo]
945 1639 1140 1689 Nunnio,
1196 1640 1237 1680 F
1236 1644 1357 1681 water
1407 1640 1516 1681 Ada
1557 1640 1760 1691 salutem,
1805 1645 1844 1683 et
1904 1663 1905 1673 1

551 1712 653 1762 post
686 1722 875 1749 cursum
909 1707 1122 1762 temporis
1154 1707 1410 1762 prccantum
1444 1707 1721 1750 (eternitatis.

499 1812 563 1852 Mi
586 1812 964 1862 desideratissime,
989 1812 1106 1866 quod
1138 1812 1358 1854 locutione
1384 1827 1473 1853 non
1499 1813 1637 1863 valeo,
1662 1814 1843 1869 suppleo

436 1895 523 1920 non
555 1881 669 1921 sicut
700 1880 825 1929 volo,
858 1880 1073 1930 videlicet,
1099 1880 1331 1921 amabilem
1363 1880 1653 1935 benignitatis
1683 1884 1841 1924 vestrae

435 1949 713 2003 praesentiam
741 1948 848 1989 adeo
882 1948 975 2003 [per
996 1948 1195 2004 litteras],
1219 1948 1335 2003 quod
1366 1963 1420 1989 110
1451 1948 1609 1989 faciam
1641 1963 1844 2004 persona—

436 2015 549 2067 liter,
567 2031 660 2057 ecce
680 2031 822 2057 coram
845 2016 1112 2057 inviolabilis
1134 2016 1339 2058 amicitiae
1360 2016 1479 2057 fideli
1501 2017 1749 2058 constantia
1769 2018 1840 2059 vel

438 2084 629 2124 invitum
655 2087 805 2124 arcent
832 2084 1096 2138 importunae
1127 2085 1299 2126 caducae
1331 2084 1592 2125 conditionis
1616 2085 1842 2140 urgentiae.

441 2150 659 2192 Caeterum
691 2150 962 2192 suavissimae
995 2151 1392 2207 circumspectionis
1436 2152 1615 2193 amabili
1656 2152 1841 2195 benevo-

438 2218 585 2259 lentiae
632 2218 836 2273 supplico,
870 2219 1057 2260 sollicius
1099 2235 1257 2275 rogans
1303 2223 1519 2275 quatenus
1551 2234 1650 2261 cum
1687 2235 1841 2277 oppor-

439 2286 608 2326 tunitas
656 2300 745 2326 non
792 2286 991 2335 defuerit,
1025 2288 1061 2328 si
1105 2288 1199 2328 fieri
1243 2290 1400 2343 potest,
1447 2287 1559 2328 circa
1599 2287 1837 2331 instantem

439 2353 799 2408 Assumptionem
841 2354 1106 2397 beatissimae
1129 2356 1326 2411 Virginis
1370 2355 1569 2397 accedere
1605 2356 1752 2398 velitis
1783 2357 1838 2398 ad

438 2421 730 2462 venerabilem
753 2422 978 2462 dominum
998 2423 1236 2465 Lincolniae
1258 2438 1384 2479 super
1405 2423 1543 2464 causis
1564 2438 1655 2464 non
1677 2424 1839 2466 medio·
1894 2476 1896 2478 Ι

438 2489 567 2529 criter
594 2487 862 2538 festinandis,
891 2490 1024 2544 juxta
1056 2506 1182 2532 suum
1215 2491 1478 2533 desiderium
1511 2494 1556 2532 et
1586 2492 1673 2533 mei
1703 2492 1838 2534 inter-

437 2560 630 2607 ventum,
674 2571 770 2597 cum
830 2558 979 2599 eodem
1026 2559 1236 2600 salutares
1280 2560 1328 2600 in
1377 2559 1568 2600 Domino
1622 2562 1838 2602 tractatus
1892 2556 1897 2578 '¹

436 2623 642 2664 habituri.
706 2624 765 2665 Et
797 2625 967 2666 utinam
1015 2626 1116 2667 inde
1148 2627 1346 2668 recedere
1386 2641 1476 2668 non
1508 2627 1714 2682 disponat
1744 2641 1836 2669 ves·
1890 2651 1892 2658 =

435 2696 504 2732 tra
545 2691 772 2732 suadibilis
802 2696 853 2733 ut
884 2707 951 2734 res
983 2695 1234 2750 expostulat
1267 2694 1454 2746 dilectio,
1489 2708 1724 2749 quousque,
1758 2694 1836 2736 Di·
1888 2719 1896 2723 ,

434 2762 622 2803 vinitate
654 2762 854 2818 propitia,
887 2778 954 2804 me
985 2765 1215 2821 contingat
1246 2765 1372 2806 vobis
1408 2764 1572 2806 ibidem
1605 2779 1834 2807 occurrere.

494 2829 651 2871 Valeat
682 2830 930 2884 gratissima
961 2835 1119 2873 vestrae
1151 2833 1434 2887 paternitatis
1465 2832 1755 2875 incolumitas.
