1905 3180
619 216 855 248 EPIsTOLAE.
1347 210 1398 250 31
1407 210 1430 251 9

595 406 888 449 CLXXVIII.

40 531 196 577 Fratri
237 531 304 582 W,
341 531 562 574 Ministro
592 532 788 586 A‘nssle'oe,
821 532 982 574 Frater
1022 531 1132 574 Adeo
1164 532 1365 583 salicem,
1403 537 1441 576 et

208 600 409 644 devotam
439 599 634 643 humilis
668 599 930 643 obedientie&
967 600 1275 643 reverentiam.

102 725 212 768 Cum
255 726 491 767 secundum
537 730 731 768 tenorem
763 726 961 768 mandati
992 727 1127 768 vestri
1173 727 1440 770 carissimum
1458 737 1550 771 Eust.
1566 741 1606 772 de

41 794 216 837 fratrem
250 794 531 836 Eustachium
565 794 617 836 de
649 795 693 835 N
697 793 964 836 ormanville¹
996 795 1230 837 secundum
1258 795 1438 838 formam
1459 783 1626 860 ἕῇἒῗίἶῗ·

43 877 169 919 quam
213 866 451 917 competere
482 863 636 918 putavi
681 863 892 904 allocutus
934 863 1119 913 fuissem,
1159 867 1203 905 et
1251 865 1441 920 digestus
1459 872 1560 922 ‹glin'es
1577 873 1633 923 the

42 930 303 972 considerate
367 930 684 972 deliberationis
741 934 951 972 tractatus
1002 947 1077 986 per
1136 932 1224 973 dies
1274 933 1441 988 aliquot
1459 922 1634 993 gssvgffimon

41 998 296 1047 tenderetur,
330 998 505 1040 tandem
534 999 751 1053 perpensis
795 1000 857 1040 rei
889 998 1071 1040 difficilis
1096 1000 1438 1051 circumstantiis,
1459 1004 1571 1063 Ἐχώνε-
1588 1006 1627 1037 of

42 1066 311 1123 praetendens
357 1067 572 1108 diutinam
617 1068 802 1123 corporis
849 1068 1154 1117 valetudinem,
1190 1071 1233 1110 et
1279 1071 1441 1124 aptitu-
1460 1050 1627 1083 horwmh.

43 1135 185 1177 dinem
216 1134 374 1176 mentis
410 1135 677 1190 imparatam,
712 1135 892 1177 asseruit
922 1151 964 1177 se
996 1136 1043 1177 in
1074 1136 1210 1178 officio
1247 1138 1441 1179 lectionis

42 1202 294 1246 exhibendae
341 1203 586 1244 nullatenus
632 1218 753 1258 posse
800 1203 1008 1245 desiderio
1052 1203 1236 1245 fratrum
1279 1205 1442 1246 North-

40 1272 151 1327 Wyci
180 1274 310 1327 prout
340 1272 450 1313 ratio
482 1272 719 1327 requireret
749 1271 990 1313 satisfacere
1016 1288 1025 1323 3
1076 1273 1255 1327 proinde
1287 1277 1442 1316 vestrae

40 1340 311 1397 paternitatis
341 1339 535 1395 providae
579 1339 949 1395 circumspectioni
981 1340 1193 1395 supplicat
1226 1341 1438 1391 obnixius,

41 1409 261 1451 obsecrans
298 1412 510 1463 quatenus
542 1407 624 1449 sibi
665 1408 896 1450 clementer
938 1408 984 1448 in
1017 1408 1096 1450 hac
1127 1412 1248 1464 parte
1295 1413 1442 1464 parcat

39 1480 195 1519 sanctae
226 1477 401 1532 pietatis
423 1476 717 1526 consideratio,
751 1480 911 1531 parato,
947 1477 1058 1519 sicut
1090 1477 1270 1533 digmun
1302 1481 1366 1520 est
1398 1482 1442 1520 et

40 1546 187 1588 salutis
218 1560 305 1587 suae
337 1545 518 1600 requirit
564 1544 792 1600 exigentia,
837 1545 991 1586 vestris
1040 1544 1307 1599 jussionibus
1344 1560 1441 1587 cum

40 1614 377 1670 promptitudine
410 1613 651 1655 devotionis
674 1613 979 1668 obtemperare.
1033 1613 1136 1654 Non
1157 1613 1293 1669 igitur
1314 1614 1440 1656 video

40 1683 141 1738 quid
170 1682 248 1723 fiat
278 1682 325 1723 in
356 1681 435 1723 hac
466 1685 588 1737 parte
620 1681 866 1730 consultius,
906 1696 1035 1736 quam
1067 1684 1117 1723 ut
1148 1682 1338 1724 fraterno
1376 1697 1441 1725 so-

37 1750 184 1792 lamini
214 1750 361 1792 sedula
391 1750 741 1791 condescensione
784 1749 1071 1804 provideatur.

98 1818 248 1860 Frater
294 1818 514 1860 WValterus
556 1818 608 1859 de
641 1817 869 1868 Evesham,
903 1818 1057 1858 missus
1102 1833 1241 1873 nuper
1272 1818 1318 1859 in
1349 1818 1440 1860 An·
1459 1827 1617 1862 Eneloses

40 1886 167 1941 gliam
198 1901 274 1942 pro
305 1889 425 1927 statu
455 1885 639 1927 fratrum
673 1885 916 1941 Hyberniae
952 1885 1228 1937 meliorando,
1261 1885 1439 1929 fratrem
1457 1882 1666 1951 ῗᾶἶξξζῗέξῇθ

41 1953 71 1994 J
73 1987 79 1995 .
114 1954 164 1996 de
211 1953 418 1996 Stanford
459 1957 502 1995 et
544 1968 611 1995 me
653 1968 779 2008 super
819 1953 1077 2008 quibusdam
1119 1954 1319 2005 articulis,
1351 1955 1440 1996 offi—
1457 1962 1594 2011 missiop
1611 1963 1650 1994 of

42 2022 150 2063 cium
195 2022 339 2064 fratris
384 2021 575 2063 Andreae
623 2021 674 2062 de
723 2021 941 2063 Lexinton
984 2023 1029 2062 in
1071 2025 1310 2064 memorata
1345 2038 1441 2079 pro·
1458 2006 1550 2082 ἓξὲξ
1566 2008 1656 2083 {flex'

44 2090 183 2132 vincia
223 2090 585 2146 contingentibus,
620 2089 850 2145 diligenter
881 2090 1123 2142 consuluit3
1174 2091 1331 2145 quibus
1363 2107 1440 2147 ego
1459 2096 1602 2129 Ireland,

45 2159 293 2214 respondere
360 2158 507 2199 distuli
561 2171 696 2212 usque
764 2172 890 2212 super
956 2158 1116 2199 eisdem
1175 2159 1441 2201 discretionis

45 2230 195 2268 vestrae
245 2225 446 2267 diffinitio
498 2225 605 2266 mihi
654 2225 903 2280 patefieret3
966 2230 1140 2281 propter
1177 2228 1292 2281 quod
1324 2232 1441 2269 tran—

46 2294 247 2349 scriptum
289 2294 447 2335 litterae
492 2293 800 2343 obedientialis,
855 2293 891 2334 si
933 2293 1043 2335 forte
1092 2308 1186 2335 eam
1237 2310 1325 2337 non
1377 2297 1444 2337 vi-

49 2362 201 2411 deritis,
250 2376 324 2417 per
375 2376 504 2417 quam
562 2361 759 2402 minister
821 2361 1031 2416 generalis
1082 2362 1262 2417 praefato
1318 2363 1442 2406 fratri

49 2429 233 2471 Andreae
301 2444 424 2470 suam
491 2429 704 2471 commisit
775 2429 1087 2479 auctoritatem,
1156 2431 1284 2472 simul
1345 2447 1442 2473 cum

49 2496 190 2538 littera
251 2497 446 2552 praedicti
508 2497 655 2538 fratris
713 2496 895 2538 Walteri
946 2497 1106 2538 dictam
1168 2500 1444 2541 consultatio-

51 2578 145 2606 nem
175 2565 430 2616 continente,
452 2565 576 2607 vobis
607 2564 890 2621 prfesentibus
921 2565 1132 2608 inclusum
1164 2569 1443 2621 transmitt03

77 2760 191 2845 ἲὶοὸῑε
212 2772 243 2803 p.
265 2766 317 2796 39.
363 2763 416 2795 He
442 2773 509 2796 was
536 2764 728 2797 afterwards
762 2762 918 2806 Divinity
946 2765 1078 2798 Reader
1104 2765 1138 2796 in
1165 2767 1220 2799 the
1248 2767 1444 2811 University

56 2821 76 2843 o
136 2824 155 2844 x
172 2815 239 2847 ord.
