1905 3180
445 240 530 280 510
921 246 1065 280 PRIMA
1097 245 1330 280 FUNDATIO

1102 369 1178 412 IV.

469 487 510 529 U
510 491 525 529 t
555 485 731 529 sciatur
761 485 940 529 Positio
975 484 1229 528 Canubium
1259 484 1570 541 Aquoeductus
1597 485 1820 529 Fratrum

862 554 913 596 M
914 553 1108 596 {snorum
1138 552 1409 595 Londoniis.

219 666 375 717 Deserip5
502 661 658 711 Primo,
682 676 708 702 a
728 661 878 702 limine
909 664 1045 716 portae
1074 660 1103 701 J
1108 660 1289 701 ohannis
1324 660 1502 716 Sporon,
1539 661 1680 717 spatio
1707 661 1838 704 trium

217 716 288 743 ‘⁰⁰¹¹
305 711 392 743 of1t.
441 730 613 786 pedum,
657 730 736 770 sub
778 744 892 770 novo
934 743 1058 770 muro
1100 728 1296 778 fratrum,
1332 729 1544 783 porrectio
1597 728 1755 770 canalis
1794 729 1839 771 in

441 798 586 838 vicum
614 812 763 838 versus
798 797 1012 852 Newgate
1050 796 1262 851 quaerenti
1297 796 1491 837 occurrit.
1556 795 1736 851 Semper
1768 811 1838 838 au—

440 869 541 914 tem,
576 865 680 906 dum
711 865 758 905 111
793 865 866 906 via
900 864 1028 918 jacet,
1067 863 1361 918 aquilonarem
1393 867 1561 919 partem
1594 864 1678 905 viae
1710 866 1838 915 tenet,

441 932 674 987 aliquando
696 936 739 973 et
761 932 905 972 minus
932 932 1081 972 domos
1110 931 1429 986 approximans,
1458 931 1696 972 secundum
1726 932 1838 986 quod

440 1000 658 1041 rectitudo
691 999 919 1055 positionis
948 999 1176 1054 permittit.
1241 997 1333 1039 Sub
1365 1002 1492 1053 porta
1538 999 1590 1040 de
1622 998 1667 1039 N
1671 1003 1835 1055 ewgate

441 1067 581 1123 spatio
603 1068 676 1107 xii.
700 1068 860 1122 pedum
886 1066 1184 1122 profundatur,
1209 1069 1253 1107 et
1279 1067 1439 1108 directe
1469 1067 1724 1108 extenditur
1754 1067 1832 1109 sub

442 1149 566 1176 muro
597 1135 799 1176 cimiterii
835 1134 875 1176 S.
912 1134 1136 1189 Sepulchri
1169 1134 1371 1184 exterius,
1409 1138 1452 1175 et
1474 1134 1657 1176 ulterius
1693 1148 1837 1177 secun-

443 1203 548 1243 dum
589 1203 677 1244 vici
717 1203 834 1243 illius
879 1202 1220 1256 obliquationem
1255 1202 1526 1256 obliquatur3
1559 1201 1693 1256 juxta
1743 1201 1832 1244 Lok

450 1270 582 1312 Welll
626 1271 927 1326 protenditur3
965 1270 1027 1310 ibi
1069 1269 1240 1310 bivium
1282 1270 1573 1325 pertransiens
1601 1269 1753 1311 buttat
1797 1284 1838 1312 se

443 1342 593 1379 contra
621 1338 853 1380 fenestram
875 1338 1026 1379 domus
1049 1337 1078 1378 J
1081 1337 1261 1378 ohannis
1284 1337 1557 1388 Muchcheth,
1582 1337 1729 1392 ibique
1751 1352 1839 1379 cur-

439 1409 571 1447 vatur
601 1421 749 1447 versus
771 1410 947 1461 pontem
981 1405 1033 1446 de
1068 1405 1329 1455 Holeburne,
1354 1405 1469 1446 inter
1501 1405 1677 1446 domum
1700 1404 1836 1446 Wifli-

444 1473 547 1514 elmi
577 1473 818 1529 Yrotheges
859 1477 903 1514 et
951 1476 1156 1528 ponte1n3
1207 1473 1386 1528 ponitur
1427 1473 1507 1513 sub
1550 1487 1662 1527 aqua
1703 1472 1837 1528 spatio

443 1541 501 1581 iii.
531 1542 702 1597 pedum,
725 1542 843 1582 ultra
863 1541 1054 1582 rivulum
1088 1540 1204 1581 illius
1241 1555 1364 1595 aquae
1390 1541 1500 1582 circa
1530 1541 1720 1596 spatium
1752 1540 1837 1582 viii,

443 1624 658 1664 passuum,
680 1609 812 1663 juxta
844 1609 987 1664 pontis
1009 1623 1193 1658 murum,
1229 1608 1346 1649 ultra
1365 1608 1599 1650 fracturam
1626 1608 1677 1650 de
1698 1608 1840 1650 indus-

444 1677 531 1717 tria
565 1676 733 1726 factam,
770 1677 846 1717 ubi
880 1690 993 1730 aqua
1025 1676 1181 1731 plateae
1216 1676 1439 1718 descendit
1472 1677 1519 1717 in
1551 1676 1645 1718 loco
1676 1689 1839 1732 semper

444 1744 595 1785 lutoso.
679 1744 875 1785 Primum
924 1744 1188 1798 spui-gellum
1236 1743 1345 1785 latet
1399 1744 1479 1785 sub
1533 1747 1659 1794 terra,
1703 1742 1837 1799 spatio

444 1826 547 1853 vero
601 1812 656 1853 iv.
709 1811 870 1867 pedum
930 1811 1073 1866 lapide
1115 1826 1354 1853 marmoreo
1388 1815 1648 1867 coopertum.
1734 1810 1838 1852 Inde

446 1879 606 1920 directe
663 1894 797 1935 usque
851 1879 907 1920 ad
963 1878 1301 1921 Limone-lane
1367 1879 1632 1930 extenditur,
1695 1879 1837 1934 ibique

446 1947 681 1988 secundum
761 1946 1068 1988 rectitudinem
1160 1946 1342 1988 venellae
1411 1947 1526 1988 illius
1602 1947 1674 1989 vel
1755 1945 1836 1988 vici

445 2015 648 2070 requirat,
717 2015 773 2056 ad
826 2014 1074 2069 aquilonem
1139 2013 1256 2071 [per]
1309 2014 1616 2056 occidentalem
1669 2027 1837 2055 murum

445 2082 636 2134 venellae,
680 2082 938 2137 positionem
979 2082 1141 2123 habens
1183 2082 1324 2137 spatio
1367 2081 1629 2138 dist[antiae]
1667 2082 1728 2124 iii.
1769 2095 1836 2137 pe-

447 2150 560 2191 dum.
630 2149 686 2190 111
717 2150 803 2191 fine
832 2153 979 2190 autem
1011 2149 1127 2190 illius
1164 2149 1353 2200 venellae,
1394 2165 1420 2191 a
1452 2150 1572 2200 laeva,
1609 2149 1836 2191 secundum

446 2217 721 2272 spurgellum,
753 2217 987 2258 altitudine
1015 2217 1102 2258 fere
1136 2217 1209 2258 vii.
1235 2218 1405 2272 pedum.
1470 2217 1528 2259 Et
1549 2217 1651 2259 inde
1685 2216 1836 2258 directe

445 2285 733 2340 protenditur,
768 2299 969 2340 campum
1003 2286 1339 2327 transversando
1374 2289 1417 2326 et
1439 2299 1568 2340 sepeS,
1597 2285 1653 2326 ad
1684 2284 1837 2325 molen-

447 2352 599 2393 dinum
632 2352 808 2393 Thomae
840 2353 891 2393 de
918 2352 1151 2408 Basynges,
1188 2353 1304 2407 quod
1338 2356 1402 2394 est
1435 2352 1683 2408 proximum
1714 2351 1834 2401 villae,

446 2420 523 2460 ubi
555 2420 694 2475 spatio
725 2419 846 2460 xviii.
888 2420 1049 2474 pedum
1102 2420 1398 2475 profundatur.
1474 2420 1545 2460 Ibi
1587 2434 1641 2461 ex
1676 2416 1832 2476 [parte]

447 2487 646 2529 orientali
679 2487 926 2535 molendini,
950 2503 976 2527 a
995 2487 1129 2529 latere
1163 2487 1390 2543 aquilonis,
1419 2487 1532 2528 infra
1557 2487 1727 2529 foveam
1756 2489 1835 2527 ter-

448 2554 600 2610 [tium]
630 2555 746 2609 jacet
776 2554 1050 2610 spurgellum.
1116 2555 1224 2597 Inde
1259 2555 1450 2610 spatium
1479 2554 1565 2596 fere
1594 2555 1722 2596 unius
1754 2556 1834 2595 sta-

445 2623 507 2663 dii
543 2623 598 2663 ad
641 2622 917 2672 occidentem,
951 2637 1105 2677 parum
1137 2623 1353 2678 vergendo
1387 2623 1443 2664 ad
1484 2623 1739 2677 aquilonem,
1773 2633 1834 2661 oc-

444 2690 578 2732 currit
631 2689 772 2731 sulcus
825 2704 937 2730 unus
969 2690 1155 2732 viridius
1192 2690 1246 2731 ab
1280 2690 1443 2732 oriente
1476 2690 1523 2730 in
1575 2689 1835 2731 occidentem

774 2839 782 2883 J
810 2837 857 2872 Or
878 2837 947 2873 Lek
975 2838 1063 2873 Well
1076 2843 1092 2871 ξ)
1138 2839 1210 2873 The
1227 2838 1286 2872 ink
1301 2839 1360 2873 has
1375 2839 1482 2873 faded.
