1905 3180
403 290 428 329 S
817 297 998 329 THOMAS
1030 297 1090 329 DE
1122 299 1387 331 ECCLEsToN.

179 404 547 446 A.D.1224.bibere
582 404 801 455 deberent,
843 406 1082 459 posuerunt
1122 419 1250 461 super
1290 405 1449 461 ignem,
1483 408 1527 447 et
1566 410 1804 461 posuerunt

403 473 567 513 discum
609 472 655 512 in
704 470 789 512 olla
838 474 883 512 et
927 471 1136 513 biberunt
1183 472 1462 522 circulariter,
1506 476 1550 514 et
1596 473 1804 515 dixerunt

403 538 564 595 singuli
596 538 772 593 aliquod
803 538 986 580 verbum
1017 539 1346 592 aedificationis3
1390 543 1436 581 et
1471 539 1583 581 sicut
1617 543 1804 582 testatus

404 611 468 648 est
504 607 578 661 qui
620 606 749 661 hujus
780 607 957 648 sincerae
988 607 1282 663 simplicitatis
1312 607 1408 654 fuit,
1432 610 1477 649 et
1509 611 1669 650 sanctae
1700 621 1805 664 pau-

403 675 584 730 pertatis
617 675 757 716 socius
787 678 830 716 et
862 675 1078 730 particeps
1108 689 1198 717 esse
1231 675 1485 731 promeruit,
1518 678 1610 717 tam
1642 676 1803 731 spissus

403 742 637 797 aliquando
669 741 755 783 fuit
791 746 917 798 potus
951 757 1112 794 eorum,
1149 746 1202 784 ut
1234 757 1332 784 cum
1369 741 1491 784 dixil
1516 743 1701 785 calefieri
1732 743 1806 785 de-

404 808 565 861 berent,
598 809 856 852 infuderunt
887 824 1056 866 aquam,
1080 814 1124 852 et
1165 810 1225 852 sic
1266 825 1364 852 cum
1397 811 1558 866 gaudio
1588 810 1804 853 biberunt.

402 877 555 919 Simile
607 892 777 933 quoque
828 879 986 920 accidit
1035 879 1284 934 frequenter
1337 879 1454 935 apud
1510 878 1677 929 Sarum,
1730 878 1805 920 ubi

402 960 500 987 cum
528 949 653 987 tanta
678 946 953 1000 jocmiditate
984 949 1030 988 et
1061 946 1219 988 laetitia.
1247 947 1454 988 biberimt
1493 945 1649 989 fratres
1679 945 1804 989 faeces

402 1013 514 1054 circa-
545 1013 691 1069 ignem
721 1014 769 1054 in
801 1014 998 1068 coquina,
1031 1014 1276 1056 collationis
1307 1014 1425 1066 hora,
1462 1017 1514 1055 ut
1552 1014 1720 1056 felicem
1761 1028 1805 1056 se

403 1084 624 1136 reputaret
656 1081 731 1136 qui
761 1084 906 1136 posset
941 1096 1014 1122 eas
1050 1081 1106 1122 ab
1138 1081 1224 1123 alio
1261 1081 1550 1124 amicabiliter
1570 1097 1729 1138 rapere,

179 1158 281 1189 Their
303 1158 384 1199 deep
465 1149 520 1190 Id
548 1149 691 1204 ipsum
723 1149 840 1204 apud
878 1149 1209 1204 Slopisbyriam,
1240 1150 1288 1190 in
1323 1150 1465 1205 primo
1497 1150 1691 1192 adventu
1721 1150 1806 1192 fra-

176 1209 324 1244 poverty.
406 1220 523 1258 trum
556 1216 885 1272 Slopisbyiiam,
917 1217 1072 1258 Frater
1105 1217 1324 1258 Martinus
1356 1232 1498 1267 senex,
1522 1218 1664 1273 quiet
1694 1218 1810 1273 cepit

405 1285 558 1335 10011111,
600 1299 644 1326 50
685 1284 833 1326 fecisse
874 1285 1122 1341 gratulatus
1163 1287 1237 1327 est.
1300 1285 1357 1326 In
1400 1285 1554 1327 diebus
1595 1285 1684 1327 illis
1714 1288 1806 1327 tam

406 1353 600 1394 districte
653 1353 870 1394 cavebant
921 1352 1076 1394 fratres
1141 1353 1482 1395 contractionem
1544 1353 1803 1405 debitorum,

406 1421 521 1475 quod
556 1420 636 1461 rix
676 1435 754 1476 pro
788 1421 994 1462 extremis
1036 1421 1366 1462 necessitatibus
1403 1421 1600 1462 debitum
1636 1424 1806 1463 contra-

405 1488 506 1529 here
541 1487 863 1542 permittebant.
929 1487 1057 1529 Unde
1091 1488 1249 1529 accidit
1277 1492 1330 1529 ut
1362 1489 1517 1530 Frater
1548 1489 1804 1545 Angnellus,

406 1570 503 1597 cum
527 1556 680 1596 Fratre
708 1555 951 1606 Sahunone,
974 1556 1185 1611 gardiano
1219 1556 1467 1605 Londoniae,
1490 1557 1624 1598 vellet
1655 1558 1805 1600 audire

407 1627 653 1679 compotum
694 1624 881 1664 fratrum
924 1623 1175 1675 Londonia),
1220 1626 1433 1678 quantum
1477 1639 1532 1665 sc.
1577 1626 1807 1681 expendis-

406 1695 503 1733 sent
534 1691 644 1732 infra
672 1705 808 1731 unum
837 1691 1073 1732 terminum
1104 1692 1221 1742 anni,
1253 1706 1434 1747 cumque
1466 1692 1658 1734 audisset
1689 1693 1805 1749 quod

408 1762 497 1800 tam
530 1762 777 1814 sumptuose
815 1759 1089 1814 processisset
1122 1759 1192 1801 vel
1225 1760 1330 1800 satis
1362 1774 1490 1814 parca
1513 1760 1699 1802 fratrum
1730 1776 1804 1803 ex—

405 1826 574 1878 hibitio,
606 1827 788 1882 projecit
820 1841 967 1868 omnes
1009 1827 1136 1868 talias
1178 1830 1223 1869 et
1258 1827 1440 1878 rotulos,
1472 1830 1516 1869 et
1560 1829 1806 1883 percutiens

406 1895 594 1951 seipsum
625 1895 671 1935 in
703 1894 866 1944 faciem,
900 1895 1172 1946 exclamavit,
1205 1900 1231 1919 ‘·'
1248 1896 1324 1950 Ay
1359 1910 1426 1937 me
1473 1900 1647 1952 captum
1669 1899 1677 1937 ἓ
1696 1895 1720 1911 ’'
1761 1900 1806 1939 et

405 1977 630 2018 nunquam
682 1967 831 2019 postea
883 1963 1027 2004 voluit
1080 1963 1230 2005 audire
1284 1966 1542 2019 compotum.
1606 1964 1806 2021 Contigit

407 2045 577 2086 1111011110
627 2033 680 2072 111,
743 2030 1078 2086 supervenirent
1135 2031 1220 2073 duo
1277 2031 1433 2074 fratres
1479 2031 1535 2073 ad
1586 2032 1804 2087 quendam

405 2098 548 2140 locum
588 2098 773 2139 frat-mm
814 2098 941 2140 valde
982 2099 1158 2150 vexati3
1199 2101 1245 2140 et
1285 2113 1383 2142 011111
1418 2114 1508 2141 11011
1544 2103 1655 2141 esset
1691 2115 1806 2143 cere-

406 2166 514 2207 visia
557 2166 604 2206 in
646 2166 782 2215 domo,
827 2167 1003 2208 consilio
1063 2167 1280 2209 seniorum
1332 2171 1515 2223 accepto,
1571 2167 1804 2223 gardianus

405 2233 507 2274 fecit
543 2233 677 2288 accipi
708 2238 860 2275 mut-uo
892 2249 1024 2275 unam
1055 2235 1254 2291 lagenam
1286 2235 1531 2286 cerevisiae3
1562 2235 1626 2277 ita
1657 2239 1804 2278 tamen

406 2300 521 2355 quod
564 2301 717 2342 fratres
763 2303 1068 2344 conventuales
1115 2303 1190 2358 qui
1231 2317 1327 2344 cuin
1373 2303 1616 2358 hospitibus
1668 2307 1801 2353 erant,

406 2368 506 2409 inde
553 2383 640 2409 11011
682 2368 889 2419 biberent,
939 2370 1014 2411 sed
1055 2370 1309 2412 simularent
1350 2385 1393 2412 se
1434 2371 1590 2419 bibere,
1629 2375 1805 2427 propter

407 2436 639 2477 caritatem.
703 2436 853 2491 Usque
897 2438 953 2478 ad
990 2442 1159 2494 tempus
1200 2437 1470 2479 formationis
1512 2438 1673 2479 ordinis
1706 2453 1804 2480 con-

409 2507 643 2544 sueverunt
670 2503 822 2545 fratres
844 2505 980 2547 facere
1012 2506 1284 2547 collationem
1319 2506 1436 2547 omni
1470 2505 1549 2554 die,
1580 2509 1625 2547 et
1655 2505 1802 2548 bibere

409 2571 484 2626 qui
527 2571 691 2612 vellent
733 2572 781 2612 in
825 2573 1053 2624 communi,
1098 2576 1142 2615 et
1186 2574 1337 2615 ordine
1369 2576 1514 2615 tenere
1546 2573 1800 2629 capitulum,

406 2653 484 2680 nec
524 2637 702 2679 fuerunt
742 2640 899 2682 arctati
935 2640 982 2681 in
1016 2641 1273 2696 recipiendis
1305 2640 1488 2682 diversis
1524 2640 1695 2682 ferculis
1730 2641 1802 2682 vel

406 2706 525 2757 vino,
558 2720 636 2747 nec
666 2708 814 2749 tamen
846 2707 1141 2750 admittebant
1169 2707 1336 2750 oblatas
1369 2708 1583 2764 pitancias
1615 2708 1700 2750 nisi
1725 2723 1801 2765 per

962 2896 970 2916 '
988 2895 1052 2936 Sic,
1069 2905 1129 2938 pro
1152 2895 1242 2929 disci.
