1905 3180
445 253 522 294 192
924 256 1029 288 ADAE
1062 255 1122 286 DE
1153 254 1349 286 MAnIsco

435 386 660 431 sideratur,
685 393 911 437 perquam
942 377 1147 418 sublimes
1179 377 1314 418 animi
1345 380 1561 419 rectorum
1591 378 1713 434 regni
1746 377 1828 420 Dei

434 452 757 507 suspemluntur
787 448 842 488 ad
875 446 1102 489 caritatem
1128 444 1339 487 veritatis.
1404 445 1521 497 Quid
1548 446 1826 488 manifestius

435 521 569 575 ipsam
592 518 785 558 insinuat
808 530 936 570 quam
958 513 1035 554 illa
1058 527 1155 567 quae
1185 512 1232 553 in
1253 516 1402 554 monte
1424 514 1827 569 transfigurationis

434 586 708 629 Primicerius
738 587 960 639 pastorum
1002 580 1089 622 tria
1120 580 1401 622 tabernacula
1436 582 1575 623 facere
1616 582 1829 637 gestivit?

436 656 629 706 Quorum
660 652 848 709 primum
880 664 935 690 ex
964 647 1168 704 piissimis
1203 648 1474 690 orationibus
1503 649 1696 705 erigitur,
1722 664 1828 705 quas

433 723 699 765 comitantur
733 720 833 760 hinc
866 720 1051 773 angusta
1087 717 1229 758 carnis
1261 717 1507 769 maceratio,
1545 718 1664 759 illinc
1695 718 1829 759 anxia

433 791 570 832 cordis
592 787 862 844 compunctio
884 802 892 837 ;
915 785 1151 826 secundum
1172 799 1249 840 per
1270 785 1525 826 clarissimas
1546 786 1832 827 revelationes

433 858 710 907 construitur,
754 869 860 910 quas
911 853 1129 894 adornant
1166 852 1266 894 hinc
1309 853 1515 895 discussio
1558 854 1829 910 propriarum

432 926 728 980 iniquitatum,
773 922 894 963 illinc
939 920 1229 962 consideratio
1262 920 1514 963 divinarum
1545 922 1827 973 bonitatum3

432 993 609 1035 tertium
643 993 688 1032 in
720 989 1005 1032 sanctissimis
1042 988 1288 1030 excessibus
1319 989 1557 1046 proficitur,
1592 1005 1698 1046 quos
1730 1005 1830 1032 con-

431 1064 605 1102 sumant
646 1060 746 1101 111110
778 1057 1028 1100 divinorum
1061 1061 1406 1113 superventuum
1439 1059 1665 1114 susceptio,
1709 1059 1830 1101 illinc

431 1128 800 1185 supercoelestium
842 1125 1183 1182 spectaculorum
1225 1126 1451 1168 contuitio.
1513 1125 1671 1168 Nonne
1711 1127 1830 1182 prius

431 1198 582 1254 positae
623 1200 712 1237 tres
748 1195 930 1236 actionis
970 1193 1209 1249 negotiosae
1246 1194 1506 1249 partitiones
1549 1209 1647 1236 011111
1688 1198 1830 1250 poste-

431 1266 615 1307 rioribus
658 1264 784 1305 dictis
826 1262 966 1304 tribus
1009 1261 1158 1304 otiosae
1195 1262 1438 1303 vacationis
1473 1262 1831 1304 distinctionibus

433 1338 476 1376 et
508 1334 802 1374 duodenarum
834 1331 1055 1372 virtutum
1087 1345 1163 1386 per
1191 1329 1383 1386 singulas
1412 1330 1587 1372 illarum
1614 1345 1690 1372 sex
1719 1330 1831 1372 divi-

433 1403 602 1443 sionum
653 1400 887 1442 secundum
940 1398 1175 1455 ⁸binarium
1234 1398 1455 1453 utrimque
1520 1399 1834 1441 coenumeratis

433 1468 848 1511 sanctificaticmibus
901 1481 977 1509 sex
1033 1466 1241 1521 mysticos
1283 1467 1443 1522 gradus
1477 1482 1572 1509 011111
1606 1468 1830 1509 duodecim

433 1538 642 1579 leunculis
687 1536 828 1577 aureis
869 1535 1125 1577 altrinsecus
1177 1549 1253 1590 per
1295 1535 1487 1590 singulos
1533 1535 1717 1577 istorum
1754 1549 1830 1578 sex

433 1607 643 1661 graduum
687 1604 920 1646 secundum
966 1603 1187 1644 binarium
1231 1603 1460 1659 dispositos
1508 1610 1711 1660 patenter
1742 1603 1831 1645 effi·-

434 1674 582 1715 ciunt?
664 1673 831 1724 Quibus
876 1686 951 1713 sex
1000 1670 1207 1726 gradibus
1259 1671 1498 1713 ascendunt
1539 1672 1831 1727 apostolorum

433 1756 688 1784 successores
716 1741 771 1782 ad
801 1739 1100 1796 praegrandem
1128 1739 1336 1780 thronum
1367 1739 1460 1781 veri
1498 1739 1751 1790 Salomonis,
1783 1740 1832 1781 in

433 1810 702 1851 sublimitate
748 1807 1029 1850 consessionis
1066 1806 1310 1862 judicaturi
1353 1821 1450 1848 cum
1492 1807 1641 1849 eodem
1683 1807 1830 1849 orbem

432 1882 656 1928 terrarum,
708 1876 803 1917 istis
854 1875 1055 1916 omnibus
1092 1874 1329 1916 secundum
1372 1878 1512 1916 artem
1563 1875 1832 1918 ‘aeternaliter

432 1946 654 1987 viventem
722 1944 839 1999 apud
890 1942 1230 1984 inaccessibilem
1286 1943 1513 1998 sapientiae
1584 1944 1831 1985 claritatem

434 2013 655 2054 ordinatis.
740 2012 776 2053 O
819 2010 1107 2066 stupendam!
1162 2010 1198 2051 O
1232 2009 1579 2065 praedicandaml
1630 2011 1665 2052 O
1703 2025 1832 2052 vene-

434 2081 613 2121 randam
655 2082 791 2120 tantae
833 2078 1108 2135 professionis
1151 2077 1440 2133 dignitatem!
1524 2078 1561 2120 O
1599 2078 1831 2120 exhorren-

436 2147 557 2188 dam!
611 2147 646 2188 O
671 2146 995 2188 detestandam!
1050 2145 1087 2186 O
1111 2146 1398 2187 execrandam
1431 2149 1569 2187 tantae
1595 2147 1834 2188 sanctionis

436 2214 858 2269 praevaricationeml
932 2213 1003 2254 Ad
1046 2213 1166 2253 illam
1211 2213 1383 2268 quidem
1417 2213 1605 2255 maxime
1646 2214 1833 2255 refertur

437 2282 546 2322 illud
578 2281 788 2336 apostoli:
846 2286 868 2303 “
888 2280 974 2332 Qui
1014 2280 1125 2322 bene
1156 2283 1352 2336 praesunt
1392 2280 1634 2336 presbyteri
1671 2281 1831 2337 duplici

440 2357 460 2371 “
492 2349 649 2390 bonore
680 2348 934 2399 habeantur,
967 2348 1157 2389 maxime
1190 2347 1266 2402 qui
1296 2348 1498 2389 laborant
1535 2348 1581 2389 in
1617 2348 1751 2390 verbo
1785 2352 1832 2390 et

440 2424 459 2438 “
493 2415 722 2457 doctrina.¹’
782 2416 851 2456 Ad
873 2415 1001 2457 istam
1033 2430 1136 2457 vero
1157 2415 1397 2471 praesertim
1418 2415 1697 2470 intorquetur
1723 2415 1834 2457 illud

438 2483 663 2525 Jermniae:
709 2482 1080 2524 “Confundantur
1112 2483 1187 2538 qui
1219 2496 1287 2524 me
1319 2486 1638 2538 persequuntur
1669 2486 1713 2524 et
1744 2497 1833 2524 non

440 2558 462 2573 “
495 2550 730 2592 confundar
751 2564 827 2605 ego
846 2566 854 2601 3
875 2554 1066 2605 paveant
1088 2550 1151 2591 illi
1174 2553 1218 2592 et
1246 2564 1335 2591 non
1356 2564 1540 2606 paveam
1562 2565 1642 2606 ego
1660 2566 1669 2602 ;
1700 2550 1832 2592 indue

437 2623 459 2640 ‘⁶
493 2632 618 2672 super
640 2631 709 2657 eos
731 2617 821 2658 dies
843 2617 1098 2667 afflictionis,
1124 2621 1168 2659 et
1194 2617 1354 2673 duplici
1377 2617 1639 2659 contritione
1661 2621 1831 2659 contere

439 2693 460 2708 “
494 2699 573 2732 cos,
610 2684 792 2725 Domine
826 2685 944 2726 Deus
974 2684 1168 2741 noster&
1191 2684 1262 2726 Ad
1287 2685 1399 2726 hanc
1428 2685 1564 2741 igitur
1588 2685 1833 2741 apostolicae

437 2752 702 2793 celsitudinis
743 2766 1014 2807 nequaquam
1048 2752 1312 2808 pervenitur,
1351 2755 1402 2794 ut
1439 2753 1618 2802 aestimo,
1653 2752 1834 2794 felicita-

437 2825 537 2865 tem,
570 2819 652 2860 nisi
685 2822 727 2860 et
758 2820 921 2861 invicta
951 2820 1091 2862 virtus
1122 2820 1306 2876 publicai
1342 2821 1569 2875 potestatis
1603 2821 1834 2863 violentias
