1905 3180
1372 255 1395 293 ζιῦ

653 253 882 284 EPISTOLJL

663 451 847 493 CCXII.

49 602 265 646 Ministro
298 603 481 658 Anylisc
511 604 671 646 Frater
701 603 811 646 Adra
859 604 1098 659 [salutauit
1143 612 1179 648 σε’
1211 608 1450 664 &abjectam

244 671 467 714 salutaris
499 671 756 714 obedientis&
772 673 1200 728 promptitculinem.

106 806 225 849 Licet
270 822 409 864 nuper
451 807 724 849 desiderabili
765 810 924 850 vestr-<e
966 808 1200 849 suavitatis
1232 810 1444 863 colloqui«)
1464 816 1613 866 Excuses

48 875 205 916 fruitus
235 875 390 917 fuerim
427 876 473 916 in
518 876 719 925 Domino,
752 891 806 917 ne
850 890 938 917 non
979 876 1302 917 interveniente
1350 859 1660 937 ci11·-{¹1}[¹¹{{1{)f¹{⁰¹

46 957 137 984 sore
177 957 253 998 per
283 944 589 985 salutationem
637 943 873 985 litteralem
904 944 1218 999 paternitatem
1252 948 1442 985 vestram
1462 958 1534 996 poss
1551 952 1615 981 aud

44 1010 186 1052 filialis
216 1015 495 1053 veneraretur
540 1012 791 1062 famulatus,
837 1015 888 1052 ut
931 1011 1113 1067 dignum
1157 1015 1233 1061 est,
1269 1012 1444 1053 humili·
1461 993 1645 1069 {iffffifuffiss‘

43 1078 157 1128 tatis,
191 1079 499 1135 qualiscunque
530 1083 789 1135 praesentem
821 1080 1032 1121 cartulam
1054 1079 1179 1121 vobis
1210 1069 1578 1121 t1unfflnisi.15ttex·s-

42 1145 208 1203 Nempe
254 1149 461 1203 temporis
516 1148 721 1203 angustia
777 1151 822 1190 et
865 1148 1199 1203 occupationum
1240 1148 1442 1189 varietas,

42 1214 197 1270 agonia
239 1215 374 1256 studii
430 1219 474 1257 et
535 1216 903 1271 inquietationum
946 1216 1209 1265 turbamina,
1252 1216 1444 1271 prolixos

41 1282 285 1324 litterarum
347 1287 513 1325 tractus
574 1284 826 1325 excludunt.
911 1284 1047 1339 Copia
1107 1298 1275 1338 quoque
1341 1285 1442 1325 scri-

41 1349 278 1392 bendorum
322 1351 535 1393 scribendi
567 1352 681 1407 cogit
712 1352 913 1407 inopiam.
978 1352 1155 1393 Etenim
1187 1352 1221 1392 si
1254 1355 1439 1403 vacaret,

40 1418 134 1473 quis
175 1419 290 1460 inter
329 1422 458 1461 tanta
498 1420 651 1462 salutis
693 1420 955 1470 discrimina,
1001 1419 1119 1460 inter
1159 1422 1229 1460 tot
1271 1420 1438 1461 Violen-

40 1486 122 1527 tias
166 1487 404 1537 rebellium,
438 1488 484 1528 in
526 1488 663 1528 tantis
704 1487 1003 1529 moliminibus
1044 1487 1359 1538 insidiantium,
1393 1488 1439 1528 in

39 1559 128 1598 tam
171 1558 404 1600 salutarem
441 1561 485 1599 et
531 1559 732 1600 omnibus
764 1559 932 1601 saeculis
975 1559 1253 1615 spectabilem
1294 1557 1439 1612 conju-

37 1630 157 1667 ratus
189 1625 507 1681 professionem,
563 1631 779 1682 quantum
831 1627 1044 1668 divinitus
1106 1627 1437 1682 permitteretur

36 1696 162 1738 rebus
202 1711 292 1738 non
333 1698 573 1739 consuleret
614 1713 689 1753 per
743 1697 973 1739 sollicitam
1016 1697 1299 1753 epistolarum
1353 1696 1435 1738 fre-

38 1764 271 1819 quentiam,
313 1765 390 1807 ubi
421 1766 545 1807 vivas
581 1766 699 1807 vocis
730 1766 925 1821 energias
968 1780 1187 1806 conserere
1219 1778 1308 1805 non
1341 1778 1436 1819 per-

35 1832 173 1874 mittit
218 1832 409 1875 locorum
451 1834 690 1875 distantia?
753 1833 850 1884 Sed,
883 1833 993 1888 proh
1025 1833 1173 1874 dolor!
1207 1833 1254 1872 in
1296 1832 1434 1873 causis

33 1900 293 1942 salutaribus
339 1901 466 1943 hodie
508 1902 699 1958 epistolae
730 1904 908 1956 torpent
940 1903 983 1941 et
1014 1901 1144 1941 silent
1175 1914 1328 1941 voces:
1377 1899 1433 1940 ad

33 1968 217 2024 ineptias
257 1969 551 2025 perditionum
582 1970 821 2011 divisarum
865 1968 1079 2009 mentium
1111 1971 1208 2008 tota
1244 1981 1432 2022 praeceps

32 2037 120 2078 ruit
161 2037 362 2080 intentio.
426 2037 542 2089 Quid
582 2037 720 2093 igitur
750 2036 874 2078 nobis
915 2035 1076 2091 poterit
1122 2049 1212 2076 esse
1254 2034 1430 2085 consilii,

33 2105 116 2146 nisi
145 2108 195 2147 ut
225 2120 501 2160 nequaquam
543 2105 706 2146 infimis
746 2105 987 2146 haereamus
1027 2102 1272 2154 infirmiter,
1306 2108 1349 2143 et
1385 2102 1430 2142 in

32 2170 240 2215 altissima
270 2173 604 2216 conscendamus
636 2173 837 2214 alacriter
867 2172 914 2212 in
947 2171 1098 2227 Ipsum
1130 2169 1319 2221 vivendi,
1354 2170 1427 2225 qui

32 2240 93 2282 ait
116 2240 164 2297 [J
168 2256 201 2283 ο.
223 2241 332 2296 xvi]
354 2258 362 2283 z
398 2248 419 2263 “
435 2242 544 2284 Haec
564 2242 734 2283 locutus
765 2255 860 2282 sum
881 2240 1016 2288 vobis,
1038 2242 1090 2280 ut
1111 2253 1259 2294 pacem
1291 2238 1337 2278 in
1359 2252 1427 2279 me

31 2313 53 2329 “
82 2308 288 2351 habeatis.
357 2310 413 2350 In
458 2310 622 2351 mundo
667 2323 910 2365 pressuram
942 2306 1188 2348 habebitis:
1223 2305 1297 2347 sed
1329 2319 1426 2347 con—

31 2380 54 2397 “
82 2376 216 2428 fidite,
249 2377 352 2433 quia
382 2392 460 2434 ego
501 2378 589 2420 vici
633 2377 882 2418 mundum.'’
960 2375 1252 2418 Conservetur
1287 2373 1423 2424 vobis,

31 2457 114 2496 oro,
146 2448 191 2486 et
232 2446 385 2497 virtus,
433 2449 477 2488 et
518 2445 762 2501 prudentia,
806 2447 850 2485 et
896 2443 1118 2486 aemulatio
1160 2442 1206 2482 in
1249 2441 1423 2484 Christo

30 2525 190 2568 semper
220 2516 264 2556 et
292 2514 543 2555 beatissima
584 2513 775 2568 Virgine.

85 2580 249 2623 Audivi
280 2581 446 2636 aliquid
478 2581 592 2637 quod
624 2581 756 2630 nolui,
793 2580 943 2636 lingua
974 2579 1089 2621 enim
1132 2577 1421 2633 conjecturam

27 2652 202 2703 praestat
232 2649 284 2691 de
319 2650 452 2691 corde.
