1905 3180
607 256 843 289 EPIsTOLAE.
1334 251 1414 290 327

25 377 150 429 prout
211 372 433 413 Divinitas
491 374 656 422 annuit,
725 375 807 415 sibi
867 374 1045 415 subinde
1093 374 1416 415 succedentibus

26 443 274 496 opportunae
321 440 666 494 importunitatis
715 441 892 491 vicibus,
936 441 1171 482 secundum
1204 443 1414 497 cogentis-

25 508 171 549 simam
223 507 448 562 dignitatis
500 523 588 549 suae
636 508 958 563 requisitionem
1020 508 1175 549 intimo
1224 509 1413 563 ejusdcm

24 575 329 630 archipraesulis
376 575 560 624 affectui,
611 580 654 617 et
700 575 917 631 arguendo
970 579 1013 616 et
1056 576 1312 630 increpando
1372 581 1414 617 et

24 643 275 684 obsecrando
328 646 371 683 et
418 642 684 684 exhortando
733 646 775 683 et
818 643 1109 698 promittendo
1153 648 1196 683 et
1243 644 1415 684 commi-

23 710 162 751 nando
204 713 248 750 et
278 709 539 750 blandiendo
588 714 631 752 et
675 710 962 765 perterrendo,
997 725 1111 751 nunc
1143 715 1267 751 nocte
1299 725 1415 751 nunc

23 778 97 827 die,
141 781 339 832 satagens
385 778 578 833 ingerere
640 779 773 819 verba
838 778 1053 827 salutaria,
1102 778 1271 819 utinam
1318 793 1413 819 cuin

26 846 178 887 affectu
226 846 420 896 salutari,
446 861 534 887 non
582 846 899 887 obsistentibus
955 845 1127 901 indigni
1179 860 1414 900 praesump-

20 913 120 955 toris
152 913 421 954 excessibus!
487 914 641 968 Cogito
673 918 817 955 autem
850 928 960 968 saepe
992 913 1205 954 nominati
1251 913 1414 954 domini
1432 922 1566 973 latenas

20 985 62 1023 et
91 996 266 1022 suornm
307 984 534 1036 superatus
580 982 871 1023 obsecratione
903 982 1069 1022 instans
1097 982 1257 1023 festum
1290 985 1412 1022 nata-
1431 969 1627 1043 {1¹Jg¹}¹1¹1¹13{t‚‚

20 1049 70 1091 lis
111 1049 288 1089 Domini
337 1064 433 1090 cum
480 1049 573 1105 ipso
635 1049 680 1090 in
738 1050 936 1104 partibus
996 1050 1175 1099 Cantiae,
1210 1050 1245 1090 si
1294 1050 1412 1090 Deus
1430 1056 1636 1088 masatCan-

19 1117 213 1166 voluerit,
239 1117 419 1172 alicujus
450 1117 658 1158 utilitatis
691 1132 826 1166 causa,
860 1118 1107 1173 transigere,
1132 1118 1235 1158 (111111
1266 1121 1413 1160 tamen
1430 1100 1575 1142 terbury.

19 1185 298 1241 providentiae
331 1187 487 1227 vestrae
519 1200 606 1226 non
637 1185 902 1227 interveniat,
934 1185 1175 1240 prohibitio.

76 1252 322 1294 Meminerit
373 1251 557 1295 Sanctus
604 1257 851 1294 sanctorum
899 1257 1056 1295 vestrae
1089 1253 1336 1295 sanctitatis
1368 1254 1413 1294 in

0 1321 183 1382 }bonum‚
230 1321 304 1375 qui
336 1323 427 1362 tam
472 1324 622 1362 sancta
667 1321 967 1370 sollicitudine,
1002 1326 1093 1362 tam
1140 1322 1298 1363 sanctis
1329 1323 1415 1363 suf-

0 1389 175 1444 >fragiis,
208 1392 401 1430 sanctam
433 1389 686 1430 memoriam
719 1390 857 1430 sancti
895 1389 1101 1444 praesulis,
1135 1389 1245 1430 sicut
1276 1390 1413 1431 sancti

20 1457 249 1508 confidunt,
304 1457 349 1497 in
411 1457 723 1498 ardentissimis
788 1457 1066 1513 flagrantium
1129 1459 1412 1499 sanctitatum

18 1525 268 1573 luculentiis‚
303 1525 539 1566 secundum
581 1525 838 1566 latissimam
886 1525 1055 1566 diffusze
1100 1525 1293 1567 caritatis
1326 1541 1414 1566 am-

18 1593 282 1648 plitudinem,
334 1593 547 1634 indefessa
586 1593 775 1649 jugitate
807 1593 1108 1635 commendare
1154 1594 1313 1635 curatis
1359 1595 1414 1635 ad

21 1661 166 1717 Ipsius,
201 1662 276 1717 qui
320 1661 432 1703 solus
478 1661 617 1703 bonus
661 1665 735 1709 est,
785 1661 1058 1703 benedictam
1109 1661 1302 1717 gloriam,
1337 1677 1413 1716 per

21 1744 143 1785 quam
190 1730 306 1771 idem
363 1733 523 1771 sanctae
570 1729 876 1770 recordationis
929 1730 1109 1771 antistes
1161 1730 1276 1785 apud
1321 1730 1414 1771 feli-

20 1812 106 1840 cem
135 1798 288 1839 invicti
320 1812 467 1839 cursus
515 1797 927 1838 consummationem
969 1797 1123 1852 spiritu
1167 1801 1211 1838 et
1248 1798 1412 1839 virtute

20 1864 171 1922 Helyae
218 1865 504 1907 efficacissime
548 1865 766 1907 animatus
811 1865 1039 1913 exultavit,
1085 1866 1289 1906 audacter
1320 1881 1414 1921 per-

22 1948 121 1989 gens
166 1934 213 1974 111
254 1948 474 1975 occursum
521 1933 710 1981 armatis,
769 1933 1028 1988 contempsit
1074 1947 1291 1988 pavorem,
1335 1949 1413 1975 nec

21 2003 139 2043 cessit
179 2002 333 2058 gladio,
382 2005 534 2043 contra
579 2001 867 2043 scelerrimam
911 2001 1229 2042 immanitatem
1261 2002 1414 2043 trium-

19 2070 181 2125 phalem
224 2071 416 2111 animum
474 2072 676 2125 patenter
728 2069 946 2124 accingere
1000 2083 1089 2110 non
1148 2069 1413 2120 formidans3

20 2138 346 2194 imperterritam
394 2138 515 2178 illam
563 2137 895 2192 responsionem,
946 2137 997 2178 de
1046 2152 1131 2192 qua
1183 2138 1412 2193 scripsistis

12 2210 108 2250 ltam
152 2207 398 2262 prudenter,
459 2220 589 2260 quam
651 2205 909 2260 eloquenter,
959 2220 1088 2260 quam
1135 2205 1414 2247 vehementer

14 2275 306 2330 ‘'conscriptam,
340 2274 505 2316 saeculis
538 2288 636 2314 vere
669 2273 868 2314 omnibus
900 2272 1125 2314 Altissimo
1157 2274 1413 2328 praesidente

23 2343 294 2397 profuturam,
328 2343 383 2383 ad
423 2341 738 2382 formidandam
785 2356 914 2396 quam
960 2341 1095 2382 nostis
1142 2342 1413 2397 majestatem

23 2410 279 2452 destinando.
344 2410 465 2465 Rogo
513 2424 588 2464 per
638 2409 864 2464 praesentis
916 2412 1046 2450 cartae
1077 2409 1344 2464 portitorem,
1378 2411 1413 2451 si

25 2478 167 2533 placet,
199 2478 307 2519 mihi
338 2478 611 2519 voluntatem
635 2480 824 2519 vestram
857 2477 1100 2519 evidentius
1131 2477 1350 2519 insinuari.

82 2546 243 2588 Valete.
