<?xml version="1.0" encoding="UTF-8"?>
<!DOCTYPE html PUBLIC "-//W3C//DTD XHTML 1.0 Transitional//EN"
    "http://www.w3.org/TR/xhtml1/DTD/xhtml1-transitional.dtd">
<html xmlns="http://www.w3.org/1999/xhtml" xml:lang="en" lang="en">
 <head>
  <title>
</title>
<meta http-equiv="Content-Type" content="text/html;charset=utf-8" />
  <meta name='ocr-system' content='tesseract 3.04.00' />
  <meta name='ocr-capabilities' content='ocr_page ocr_carea ocr_par ocr_line ocrx_word'/>
</head>
<body>
  <div class='ocr_page' id='page_1' title='image "./monumentafrancis01thom_0490.png"; bbox 0 0 1905 3180; ppageno 0'>
   <div class='ocr_carea' id='block_1_1' title="bbox 179 672 385 977">
    <p class='ocr_par' dir='ltr' id='par_1_1' title="bbox 179 672 385 977">
     <span class='ocr_line' id='line_1_1' title="bbox 182 672 370 713; baseline -0.011 -9"><span class='ocrx_word' id='word_1_1' title='bbox 182 672 370 713; x_wconf 80' lang='lat' dir='ltr'>Seconding</span> 
     </span>
     <span class='ocr_line' id='line_1_2' title="bbox 179 717 385 756; baseline -0.01 -8"><span class='ocrx_word' id='word_1_2' title='bbox 179 717 233 748; x_wconf 82' lang='lat' dir='ltr'>the</span> <span class='ocrx_word' id='word_1_3' title='bbox 245 717 385 756; x_wconf 80' lang='lat' dir='ltr'>Queen&#39;s</span> 
     </span>
     <span class='ocr_line' id='line_1_3' title="bbox 180 760 385 801; baseline -0.005 -10"><span class='ocrx_word' id='word_1_4' title='bbox 180 765 308 801; x_wconf 85' lang='lat' dir='ltr'>request</span> <span class='ocrx_word' id='word_1_5' title='bbox 316 760 385 791; x_wconf 83' lang='lat' dir='ltr'>that</span> 
     </span>
     <span class='ocr_line' id='line_1_4' title="bbox 180 804 345 835; baseline 0.006 -1"><span class='ocrx_word' id='word_1_6' title='bbox 180 804 276 835; x_wconf 80' lang='lat' dir='ltr'>Friar</span> <span class='ocrx_word' id='word_1_7' title='bbox 293 804 345 835; x_wconf 88' lang='lat' dir='ltr'>W.</span> 
     </span>
     <span class='ocr_line' id='line_1_5' title="bbox 180 848 384 889; baseline 0.005 -11"><span class='ocrx_word' id='word_1_8' title='bbox 180 848 292 879; x_wconf 85' lang='lat' dir='ltr'>Batalc</span> <span class='ocrx_word' id='word_1_9' title='bbox 306 858 384 889; x_wconf 86' lang='lat' dir='ltr'>may</span> 
     </span>
     <span class='ocr_line' id='line_1_6' title="bbox 180 892 365 923; baseline 0 -1"><span class='ocrx_word' id='word_1_10' title='bbox 180 892 290 922; x_wconf 79' lang='lat' dir='ltr'>attend</span> <span class='ocrx_word' id='word_1_11' title='bbox 306 892 365 923; x_wconf 89' lang='lat' dir='ltr'>her</span> 
     </span>
     <span class='ocr_line' id='line_1_7' title="bbox 181 935 335 977; baseline 0.006 -11"><span class='ocrx_word' id='word_1_12' title='bbox 181 935 335 977; x_wconf 79' lang='lat' dir='ltr'>Majesty.</span> 
     </span>
    </p>
   </div>
   <div class='ocr_carea' id='block_1_2' title="bbox 408 274 491 313">
    <p class='ocr_par' dir='ltr' id='par_1_2' title="bbox 408 274 491 313">
     <span class='ocr_line' id='line_1_8' title="bbox 408 275 431 313; textangle 90"><span class='ocrx_word' id='word_1_13' title='bbox 408 275 431 313; x_wconf 69' lang='lat'>0:</span> 
     </span>
     <span class='ocr_line' id='line_1_9' title="bbox 439 275 462 313; textangle 90"><span class='ocrx_word' id='word_1_14' title='bbox 439 275 462 313; x_wconf 59' lang='grc' dir='ltr'>(ξι-ἰ</span> 
     </span>
     <span class='ocr_line' id='line_1_10' title="bbox 468 274 491 311; textangle 90"><span class='ocrx_word' id='word_1_15' title='bbox 468 274 491 311; x_wconf 59' lang='lat' dir='ltr'>[Q</span> 
     </span>
    </p>
   </div>
   <div class='ocr_carea' id='block_1_3' title="bbox 882 278 1312 309">
    <p class='ocr_par' dir='ltr' id='par_1_3' title="bbox 882 278 1312 309">
     <span class='ocr_line' id='line_1_11' title="bbox 882 278 1312 309; baseline -0.005 0"><span class='ocrx_word' id='word_1_16' title='bbox 882 279 987 309; x_wconf 86' lang='lat' dir='ltr'>ADAE</span> <span class='ocrx_word' id='word_1_17' title='bbox 1021 279 1081 309; x_wconf 82' lang='lat' dir='ltr'>DE</span> <span class='ocrx_word' id='word_1_18' title='bbox 1112 278 1312 308; x_wconf 84' lang='lat' dir='ltr'><strong>MARISCO</strong></span> 
     </span>
    </p>
   </div>
   <div class='ocr_carea' id='block_1_4' title="bbox 963 427 1220 470">
    <p class='ocr_par' dir='ltr' id='par_1_4' title="bbox 963 427 1220 470">
     <span class='ocr_line' id='line_1_12' title="bbox 963 427 1220 470; baseline -0.004 0"><span class='ocrx_word' id='word_1_19' title='bbox 963 427 1220 470; x_wconf 78' lang='lat' dir='ltr'>CLXXXV.</span> 
     </span>
    </p>
   </div>
   <div class='ocr_carea' id='block_1_5' title="bbox 399 512 1797 636">
    <p class='ocr_par' dir='ltr' id='par_1_5' title="bbox 399 512 1797 636">
     <span class='ocr_line' id='line_1_13' title="bbox 399 512 1797 568; baseline -0.001 -12"><span class='ocrx_word' id='word_1_20' title='bbox 399 514 556 557; x_wconf 64' lang='lat' dir='ltr'>Frcttro&#39;</span> <span class='ocrx_word' id='word_1_21' title='bbox 588 515 654 564; x_wconf 75' lang='lat' dir='ltr'>W,</span> <span class='ocrx_word' id='word_1_22' title='bbox 678 514 897 556; x_wconf 67' lang='lat' dir='ltr'>Ministro</span> <span class='ocrx_word' id='word_1_23' title='bbox 918 513 1115 568; x_wconf 65' lang='lat' dir='ltr'>Anylicc,</span> <span class='ocrx_word' id='word_1_24' title='bbox 1138 513 1299 555; x_wconf 68' lang='lat' dir='ltr'>Frater</span> <span class='ocrx_word' id='word_1_25' title='bbox 1324 512 1434 554; x_wconf 63' lang='lat' dir='ltr'>Ada</span> <span class='ocrx_word' id='word_1_26' title='bbox 1456 512 1797 555; x_wconf 70' lang='lat' dir='ltr'>devotissimum</span> 
     </span>
     <span class='ocr_line' id='line_1_14' title="bbox 705 580 1471 636; baseline -0.004 -12"><span class='ocrx_word' id='word_1_27' title='bbox 705 582 962 624; x_wconf 56' lang='lat' dir='ltr'>obedientia}</span> <span class='ocrx_word' id='word_1_28' title='bbox 994 581 1148 623; x_wconf 66' lang='lat' dir='ltr'>debltoe</span> <span class='ocrx_word' id='word_1_29' title='bbox 1170 580 1471 636; x_wconf 66' lang='lat' dir='ltr'>fimmclatum.</span> 
     </span>
    </p>
   </div>
   <div class='ocr_carea' id='block_1_6' title="bbox 400 666 1808 2818">
    <p class='ocr_par' dir='ltr' id='par_1_6' title="bbox 400 666 1808 2673">
     <span class='ocr_line' id='line_1_15' title="bbox 461 666 1799 722; baseline -0.002 -13"><span class='ocrx_word' id='word_1_30' title='bbox 461 667 566 708; x_wconf 87' lang='lat' dir='ltr'>Tam</span> <span class='ocrx_word' id='word_1_31' title='bbox 617 668 826 709; x_wconf 87' lang='lat' dir='ltr'>instantia</span> <span class='ocrx_word' id='word_1_32' title='bbox 889 666 1091 722; x_wconf 80' lang='lat' dir='ltr'>reginalis</span> <span class='ocrx_word' id='word_1_33' title='bbox 1143 666 1417 716; x_wconf 70' lang='lat' dir='ltr'>excellenffiae,</span> <span class='ocrx_word' id='word_1_34' title='bbox 1482 681 1610 721; x_wconf 83' lang='lat' dir='ltr'>quam</span> <span class='ocrx_word' id='word_1_35' title='bbox 1661 666 1799 721; x_wconf 87' lang='lat' dir='ltr'>pietas</span> 
     </span>
     <span class='ocr_line' id='line_1_16' title="bbox 401 733 1800 789; baseline -0.002 -12"><span class='ocrx_word' id='word_1_36' title='bbox 401 751 537 777; x_wconf 66' lang='lat' dir='ltr'>causae</span> <span class='ocrx_word' id='word_1_37' title='bbox 608 737 818 787; x_wconf 84' lang='lat' dir='ltr'>salutaris,</span> <span class='ocrx_word' id='word_1_38' title='bbox 852 735 1094 776; x_wconf 78' lang='lat' dir='ltr'>exilitatem</span> <span class='ocrx_word' id='word_1_39' title='bbox 1146 749 1286 775; x_wconf 87' lang='lat' dir='ltr'>meam</span> <span class='ocrx_word' id='word_1_40' title='bbox 1337 734 1392 774; x_wconf 92' lang='lat' dir='ltr'>ad</span> <span class='ocrx_word' id='word_1_41' title='bbox 1442 733 1800 789; x_wconf 83' lang='lat' dir='ltr'>interpellandam</span> 
     </span>
     <span class='ocr_line' id='line_1_17' title="bbox 401 801 1800 858; baseline -0.003 -13"><span class='ocrx_word' id='word_1_42' title='bbox 401 804 674 858; x_wconf 87' lang='lat' dir='ltr'>paternitatis</span> <span class='ocrx_word' id='word_1_43' title='bbox 708 807 864 844; x_wconf 71' lang='lat' dir='ltr'>vestr-{e</span> <span class='ocrx_word' id='word_1_44' title='bbox 899 802 1170 844; x_wconf 90' lang='lat' dir='ltr'>clementiam</span> <span class='ocrx_word' id='word_1_45' title='bbox 1204 817 1278 857; x_wconf 82' lang='lat' dir='ltr'>per</span> <span class='ocrx_word' id='word_1_46' title='bbox 1314 802 1538 856; x_wconf 76' lang='lat' dir='ltr'>praesentis</span> <span class='ocrx_word' id='word_1_47' title='bbox 1578 801 1800 856; x_wconf 86' lang='lat' dir='ltr'>petitionis</span> 
     </span>
     <span class='ocr_line' id='line_1_18' title="bbox 402 869 1799 925; baseline -0.002 -13"><span class='ocrx_word' id='word_1_48' title='bbox 402 872 687 912; x_wconf 73' lang='lat' dir='ltr'>humillimam</span> <span class='ocrx_word' id='word_1_49' title='bbox 719 871 989 912; x_wconf 83' lang='lat' dir='ltr'>affectionem</span> <span class='ocrx_word' id='word_1_50' title='bbox 1022 870 1229 924; x_wconf 86' lang='lat' dir='ltr'>compulit</span> <span class='ocrx_word' id='word_1_51' title='bbox 1261 869 1526 925; x_wconf 69' lang='lat' dir='ltr'>diligentiori</span> <span class='ocrx_word' id='word_1_52' title='bbox 1558 869 1799 924; x_wconf 79' lang='lat' dir='ltr'>vigilantia,</span> 
     </span>
     <span class='ocr_line' id='line_1_19' title="bbox 402 937 1800 994; baseline -0.001 -15"><span class='ocrx_word' id='word_1_53' title='bbox 402 943 452 980; x_wconf 86' lang='lat' dir='ltr'>ut</span> <span class='ocrx_word' id='word_1_54' title='bbox 496 939 731 994; x_wconf 68' lang='lat' dir='ltr'>praedilecti</span> <span class='ocrx_word' id='word_1_55' title='bbox 773 939 817 979; x_wconf 92' lang='lat' dir='ltr'>in</span> <span class='ocrx_word' id='word_1_56' title='bbox 853 938 1026 980; x_wconf 87' lang='lat' dir='ltr'>Christo</span> <span class='ocrx_word' id='word_1_57' title='bbox 1068 938 1213 978; x_wconf 85' lang='lat' dir='ltr'>fratris</span> <span class='ocrx_word' id='word_1_58' title='bbox 1270 937 1335 977; x_wconf 86' lang='lat' dir='ltr'>W.</span> <span class='ocrx_word' id='word_1_59' title='bbox 1399 937 1552 977; x_wconf 84' lang='lat' dir='ltr'>Batale</span> <span class='ocrx_word' id='word_1_60' title='bbox 1600 937 1800 992; x_wconf 83' lang='lat' dir='ltr'>optabilis</span> 
     </span>
     <span class='ocr_line' id='line_1_20' title="bbox 401 1005 1801 1062; baseline -0.001 -15"><span class='ocrx_word' id='word_1_61' title='bbox 401 1008 520 1062; x_wconf 88' lang='lat' dir='ltr'>copia</span> <span class='ocrx_word' id='word_1_62' title='bbox 551 1007 784 1048; x_wconf 86' lang='lat' dir='ltr'>secundum</span> <span class='ocrx_word' id='word_1_63' title='bbox 822 1006 1094 1061; x_wconf 71' lang='lat' dir='ltr'>praesentiam</span> <span class='ocrx_word' id='word_1_64' title='bbox 1137 1005 1414 1060; x_wconf 69' lang='lat' dir='ltr'>personalem,</span> <span class='ocrx_word' id='word_1_65' title='bbox 1454 1005 1508 1046; x_wconf 92' lang='lat' dir='ltr'>ob</span> <span class='ocrx_word' id='word_1_66' title='bbox 1540 1005 1801 1060; x_wconf 69' lang='lat' dir='ltr'>singularem</span> 
     </span>
     <span class='ocr_line' id='line_1_21' title="bbox 401 1073 1801 1129; baseline -0.001 -14"><span class='ocrx_word' id='word_1_67' title='bbox 401 1075 556 1116; x_wconf 68' lang='lat' dir='ltr'>anima}</span> <span class='ocrx_word' id='word_1_68' title='bbox 588 1075 797 1116; x_wconf 86' lang='lat' dir='ltr'>medelam</span> <span class='ocrx_word' id='word_1_69' title='bbox 829 1073 1094 1129; x_wconf 76' lang='lat' dir='ltr'>temporibus</span> <span class='ocrx_word' id='word_1_70' title='bbox 1140 1077 1184 1115; x_wconf 91' lang='lat' dir='ltr'>et</span> <span class='ocrx_word' id='word_1_71' title='bbox 1226 1073 1340 1122; x_wconf 86' lang='lat' dir='ltr'>locis,</span> <span class='ocrx_word' id='word_1_72' title='bbox 1374 1088 1470 1127; x_wconf 67' lang='lat' dir='ltr'>quae</span> <span class='ocrx_word' id='word_1_73' title='bbox 1501 1088 1576 1128; x_wconf 86' lang='lat' dir='ltr'>per</span> <span class='ocrx_word' id='word_1_74' title='bbox 1609 1073 1801 1128; x_wconf 73' lang='lat' dir='ltr'>providae</span> 
     </span>
     <span class='ocr_line' id='line_1_22' title="bbox 400 1135 1799 1197; baseline -0.001 -14"><span class='ocrx_word' id='word_1_75' title='bbox 400 1143 788 1197; x_wconf 69' lang='lat' dir='ltr'>circumspectionis</span> <span class='ocrx_word' id='word_1_76' title='bbox 850 1142 1110 1182; x_wconf 77' lang='lat' dir='ltr'>industriam</span> <span class='ocrx_word' id='word_1_77' title='bbox 1187 1135 1426 1197; x_wconf 82' lang='lat' dir='ltr'>competere</span> <span class='ocrx_word' id='word_1_78' title='bbox 1479 1141 1799 1196; x_wconf 79' lang='lat' dir='ltr'>dignoscuntur,</span> 
     </span>
     <span class='ocr_line' id='line_1_23' title="bbox 400 1209 1801 1265; baseline -0.001 -15"><span class='ocrx_word' id='word_1_79' title='bbox 400 1210 490 1252; x_wconf 87' lang='lat' dir='ltr'>sine</span> <span class='ocrx_word' id='word_1_80' title='bbox 523 1210 788 1252; x_wconf 78' lang='lat' dir='ltr'>difficultatis</span> <span class='ocrx_word' id='word_1_81' title='bbox 819 1209 1072 1265; x_wconf 79' lang='lat' dir='ltr'>gravamine</span> <span class='ocrx_word' id='word_1_82' title='bbox 1104 1209 1362 1251; x_wconf 78' lang='lat' dir='ltr'>exhibeatur</span> <span class='ocrx_word' id='word_1_83' title='bbox 1393 1209 1593 1265; x_wconf 69' lang='lat' dir='ltr'>piissimae</span> <span class='ocrx_word' id='word_1_84' title='bbox 1617 1209 1801 1250; x_wconf 68' lang='lat' dir='ltr'>dominae</span> 
     </span>
     <span class='ocr_line' id='line_1_24' title="bbox 401 1277 1799 1333; baseline -0.001 -15"><span class='ocrx_word' id='word_1_85' title='bbox 401 1279 568 1333; x_wconf 69' lang='lat' dir='ltr'>reginae.</span> <span class='ocrx_word' id='word_1_86' title='bbox 630 1278 818 1320; x_wconf 67' lang='lat' dir='ltr'>Praestat</span> <span class='ocrx_word' id='word_1_87' title='bbox 849 1281 995 1319; x_wconf 89' lang='lat' dir='ltr'>autem</span> <span class='ocrx_word' id='word_1_88' title='bbox 1024 1278 1258 1333; x_wconf 87' lang='lat' dir='ltr'>pleniorem</span> <span class='ocrx_word' id='word_1_89' title='bbox 1286 1278 1453 1319; x_wconf 80' lang='lat' dir='ltr'>fiduciae</span> <span class='ocrx_word' id='word_1_90' title='bbox 1482 1277 1799 1325; x_wconf 80' lang='lat' dir='ltr'>certitudinem,</span> 
     </span>
     <span class='ocr_line' id='line_1_25' title="bbox 401 1340 1803 1401; baseline 0.001 -16"><span class='ocrx_word' id='word_1_91' title='bbox 401 1340 515 1400; x_wconf 84' lang='lat' dir='ltr'>quod</span> <span class='ocrx_word' id='word_1_92' title='bbox 546 1361 737 1401; x_wconf 79' lang='lat' dir='ltr'>personae</span> <span class='ocrx_word' id='word_1_93' title='bbox 769 1346 923 1401; x_wconf 81' lang='lat' dir='ltr'>quibus</span> <span class='ocrx_word' id='word_1_94' title='bbox 955 1347 1001 1386; x_wconf 91' lang='lat' dir='ltr'>in</span> <span class='ocrx_word' id='word_1_95' title='bbox 1043 1345 1123 1387; x_wconf 91' lang='lat' dir='ltr'>hac</span> <span class='ocrx_word' id='word_1_96' title='bbox 1169 1350 1291 1401; x_wconf 85' lang='lat' dir='ltr'>parte</span> <span class='ocrx_word' id='word_1_97' title='bbox 1334 1360 1502 1386; x_wconf 86' lang='lat' dir='ltr'>summa</span> <span class='ocrx_word' id='word_1_98' title='bbox 1547 1345 1803 1386; x_wconf 81' lang='lat' dir='ltr'>discriminis</span> 
     </span>
     <span class='ocr_line' id='line_1_26' title="bbox 400 1413 1804 1469; baseline -0.001 -15"><span class='ocrx_word' id='word_1_99' title='bbox 400 1418 542 1469; x_wconf 86' lang='lat' dir='ltr'>posset</span> <span class='ocrx_word' id='word_1_100' title='bbox 573 1414 797 1455; x_wconf 89' lang='lat' dir='ltr'>imminere</span> <span class='ocrx_word' id='word_1_101' title='bbox 829 1414 1021 1463; x_wconf 80' lang='lat' dir='ltr'>formido,</span> <span class='ocrx_word' id='word_1_102' title='bbox 1050 1414 1205 1468; x_wconf 85' lang='lat' dir='ltr'>quibus</span> <span class='ocrx_word' id='word_1_103' title='bbox 1233 1418 1278 1455; x_wconf 91' lang='lat' dir='ltr'>et</span> <span class='ocrx_word' id='word_1_104' title='bbox 1307 1414 1496 1455; x_wconf 85' lang='lat' dir='ltr'>sollertia</span> <span class='ocrx_word' id='word_1_105' title='bbox 1524 1417 1588 1455; x_wconf 90' lang='lat' dir='ltr'>est</span> <span class='ocrx_word' id='word_1_106' title='bbox 1620 1413 1804 1454; x_wconf 89' lang='lat' dir='ltr'>sollicior</span> 
     </span>
     <span class='ocr_line' id='line_1_27' title="bbox 402 1481 1804 1537; baseline -0.001 -15"><span class='ocrx_word' id='word_1_107' title='bbox 402 1481 454 1523; x_wconf 92' lang='lat' dir='ltr'>de</span> <span class='ocrx_word' id='word_1_108' title='bbox 498 1482 790 1537; x_wconf 83' lang='lat' dir='ltr'>prospicienda</span> <span class='ocrx_word' id='word_1_109' title='bbox 831 1481 1072 1531; x_wconf 76' lang='lat' dir='ltr'>securitate,</span> <span class='ocrx_word' id='word_1_110' title='bbox 1118 1482 1353 1523; x_wconf 87' lang='lat' dir='ltr'>secundum</span> <span class='ocrx_word' id='word_1_111' title='bbox 1397 1495 1542 1522; x_wconf 88' lang='lat' dir='ltr'>rerum</span> <span class='ocrx_word' id='word_1_112' title='bbox 1583 1481 1804 1536; x_wconf 85' lang='lat' dir='ltr'>requiren-</span> 
     </span>
     <span class='ocr_line' id='line_1_28' title="bbox 403 1549 1804 1604; baseline 0 -15"><span class='ocrx_word' id='word_1_113' title='bbox 403 1549 478 1589; x_wconf 82' lang='lat' dir='ltr'>das</span> <span class='ocrx_word' id='word_1_114' title='bbox 520 1549 876 1598; x_wconf 79' lang='lat' dir='ltr'>circumstantias,</span> <span class='ocrx_word' id='word_1_115' title='bbox 910 1549 1168 1590; x_wconf 84' lang='lat' dir='ltr'>omnimodis</span> <span class='ocrx_word' id='word_1_116' title='bbox 1211 1553 1363 1591; x_wconf 82' lang='lat' dir='ltr'>contra</span> <span class='ocrx_word' id='word_1_117' title='bbox 1395 1564 1662 1604; x_wconf 68' lang='lat' dir='ltr'>quaecunque</span> <span class='ocrx_word' id='word_1_118' title='bbox 1694 1549 1804 1604; x_wconf 78' lang='lat' dir='ltr'>peri-</span> 
     </span>
     <span class='ocr_line' id='line_1_29' title="bbox 404 1617 1804 1672; baseline -0.001 -14"><span class='ocrx_word' id='word_1_119' title='bbox 404 1617 499 1658; x_wconf 89' lang='lat' dir='ltr'>cula</span> <span class='ocrx_word' id='word_1_120' title='bbox 542 1618 768 1672; x_wconf 79' lang='lat' dir='ltr'>urgentius</span> <span class='ocrx_word' id='word_1_121' title='bbox 811 1632 960 1658; x_wconf 88' lang='lat' dir='ltr'>cavere</span> <span class='ocrx_word' id='word_1_122' title='bbox 1004 1617 1228 1658; x_wconf 87' lang='lat' dir='ltr'>incumbit.</span> <span class='ocrx_word' id='word_1_123' title='bbox 1306 1617 1521 1670; x_wconf 79' lang='lat' dir='ltr'>Quocirca</span> <span class='ocrx_word' id='word_1_124' title='bbox 1564 1617 1804 1659; x_wconf 80' lang='lat' dir='ltr'>venerabili</span> 
     </span>
     <span class='ocr_line' id='line_1_30' title="bbox 404 1685 1805 1741; baseline 0.001 -16"><span class='ocrx_word' id='word_1_125' title='bbox 404 1685 651 1726; x_wconf 80' lang='lat' dir='ltr'>sanctitatis</span> <span class='ocrx_word' id='word_1_126' title='bbox 692 1689 847 1727; x_wconf 69' lang='lat' dir='ltr'>vestrse</span> <span class='ocrx_word' id='word_1_127' title='bbox 889 1685 1115 1727; x_wconf 83' lang='lat' dir='ltr'>sedulitati</span> <span class='ocrx_word' id='word_1_128' title='bbox 1158 1685 1277 1727; x_wconf 83' lang='lat' dir='ltr'>omni</span> <span class='ocrx_word' id='word_1_129' title='bbox 1320 1700 1406 1740; x_wconf 86' lang='lat' dir='ltr'>qua</span> <span class='ocrx_word' id='word_1_130' title='bbox 1445 1700 1620 1741; x_wconf 86' lang='lat' dir='ltr'>possum</span> <span class='ocrx_word' id='word_1_131' title='bbox 1661 1685 1805 1727; x_wconf 86' lang='lat' dir='ltr'>inten-</span> 
     </span>
     <span class='ocr_line' id='line_1_31' title="bbox 403 1753 1805 1809; baseline 0 -15"><span class='ocrx_word' id='word_1_132' title='bbox 403 1753 521 1794; x_wconf 82' lang='lat' dir='ltr'>tione</span> <span class='ocrx_word' id='word_1_133' title='bbox 554 1753 758 1809; x_wconf 84' lang='lat' dir='ltr'>supplico,</span> <span class='ocrx_word' id='word_1_134' title='bbox 781 1768 937 1809; x_wconf 77' lang='lat' dir='ltr'>rogans</span> <span class='ocrx_word' id='word_1_135' title='bbox 970 1757 1183 1809; x_wconf 87' lang='lat' dir='ltr'>quatenus</span> <span class='ocrx_word' id='word_1_136' title='bbox 1215 1769 1291 1809; x_wconf 93' lang='lat' dir='ltr'>per</span> <span class='ocrx_word' id='word_1_137' title='bbox 1318 1754 1485 1795; x_wconf 84' lang='lat' dir='ltr'>inolitae</span> <span class='ocrx_word' id='word_1_138' title='bbox 1520 1753 1805 1809; x_wconf 80' lang='lat' dir='ltr'>benignitatis</span> 
     </span>
     <span class='ocr_line' id='line_1_32' title="bbox 403 1821 1804 1877; baseline 0.001 -16"><span class='ocrx_word' id='word_1_139' title='bbox 403 1824 560 1862; x_wconf 68' lang='lat' dir='ltr'>vestra}</span> <span class='ocrx_word' id='word_1_140' title='bbox 612 1821 880 1870; x_wconf 87' lang='lat' dir='ltr'>mandatum,</span> <span class='ocrx_word' id='word_1_141' title='bbox 925 1836 1056 1876; x_wconf 86' lang='lat' dir='ltr'>quam</span> <span class='ocrx_word' id='word_1_142' title='bbox 1107 1821 1155 1862; x_wconf 89' lang='lat' dir='ltr'>in</span> <span class='ocrx_word' id='word_1_143' title='bbox 1198 1822 1354 1863; x_wconf 88' lang='lat' dir='ltr'>salutis</span> <span class='ocrx_word' id='word_1_144' title='bbox 1399 1825 1574 1864; x_wconf 69' lang='lat' dir='ltr'>{eternae</span> <span class='ocrx_word' id='word_1_145' title='bbox 1615 1821 1804 1877; x_wconf 81' lang='lat' dir='ltr'>negotiis</span> 
     </span>
     <span class='ocr_line' id='line_1_33' title="bbox 403 1888 1805 1945; baseline 0.001 -17"><span class='ocrx_word' id='word_1_146' title='bbox 403 1888 519 1938; x_wconf 70' lang='lat' dir='ltr'>novi,</span> <span class='ocrx_word' id='word_1_147' title='bbox 544 1888 774 1940; x_wconf 85' lang='lat' dir='ltr'>carissime,</span> <span class='ocrx_word' id='word_1_148' title='bbox 796 1888 1069 1945; x_wconf 83' lang='lat' dir='ltr'>flagrantiori</span> <span class='ocrx_word' id='word_1_149' title='bbox 1100 1889 1265 1931; x_wconf 86' lang='lat' dir='ltr'>fervere</span> <span class='ocrx_word' id='word_1_150' title='bbox 1296 1890 1613 1940; x_wconf 82' lang='lat' dir='ltr'>benevolentia,</span> <span class='ocrx_word' id='word_1_151' title='bbox 1657 1889 1805 1931; x_wconf 87' lang='lat' dir='ltr'>rescri-</span> 
     </span>
     <span class='ocr_line' id='line_1_34' title="bbox 405 1955 1806 2010; baseline 0.001 -14"><span class='ocrx_word' id='word_1_152' title='bbox 405 1955 503 1997; x_wconf 89' lang='lat' dir='ltr'>bere</span> <span class='ocrx_word' id='word_1_153' title='bbox 544 1956 689 1998; x_wconf 81' lang='lat' dir='ltr'>velitis</span> <span class='ocrx_word' id='word_1_154' title='bbox 723 1957 981 1999; x_wconf 87' lang='lat' dir='ltr'>amicissimo</span> <span class='ocrx_word' id='word_1_155' title='bbox 1013 1960 1162 2000; x_wconf 84' lang='lat' dir='ltr'>nostro</span> <span class='ocrx_word' id='word_1_156' title='bbox 1205 1961 1443 2000; x_wconf 88' lang='lat' dir='ltr'>memorato</span> <span class='ocrx_word' id='word_1_157' title='bbox 1474 1958 1601 1999; x_wconf 85' lang='lat' dir='ltr'>fratri</span> <span class='ocrx_word' id='word_1_158' title='bbox 1633 1958 1712 2010; x_wconf 62' lang='lat' dir='ltr'>W,</span> <span class='ocrx_word' id='word_1_159' title='bbox 1754 1960 1806 1999; x_wconf 89' lang='lat' dir='ltr'>ut</span> 
     </span>
     <span class='ocr_line' id='line_1_35' title="bbox 402 2023 1804 2082; baseline 0.002 -18"><span class='ocrx_word' id='word_1_160' title='bbox 402 2024 635 2065; x_wconf 85' lang='lat' dir='ltr'>secundum</span> <span class='ocrx_word' id='word_1_161' title='bbox 669 2023 970 2067; x_wconf 87' lang='lat' dir='ltr'>discretionem</span> <span class='ocrx_word' id='word_1_162' title='bbox 1003 2026 1084 2067; x_wconf 89' lang='lat' dir='ltr'>sibi</span> <span class='ocrx_word' id='word_1_163' title='bbox 1118 2026 1333 2067; x_wconf 88' lang='lat' dir='ltr'>divinitus</span> <span class='ocrx_word' id='word_1_164' title='bbox 1364 2026 1623 2082; x_wconf 85' lang='lat' dir='ltr'>inspiratam</span> <span class='ocrx_word' id='word_1_165' title='bbox 1655 2025 1804 2067; x_wconf 85' lang='lat' dir='ltr'>valeat</span> 
     </span>
     <span class='ocr_line' id='line_1_36' title="bbox 404 2090 1804 2150; baseline 0.002 -19"><span class='ocrx_word' id='word_1_166' title='bbox 404 2090 614 2133; x_wconf 86' lang='lat' dir='ltr'>inoffense.</span> <span class='ocrx_word' id='word_1_167' title='bbox 666 2092 719 2133; x_wconf 90' lang='lat' dir='ltr'>de</span> <span class='ocrx_word' id='word_1_168' title='bbox 775 2096 930 2135; x_wconf 76' lang='lat' dir='ltr'>vestrae</span> <span class='ocrx_word' id='word_1_169' title='bbox 982 2094 1265 2150; x_wconf 88' lang='lat' dir='ltr'>paternitatis</span> <span class='ocrx_word' id='word_1_170' title='bbox 1322 2094 1573 2136; x_wconf 86' lang='lat' dir='ltr'>obedientia</span> <span class='ocrx_word' id='word_1_171' title='bbox 1624 2093 1804 2135; x_wconf 82' lang='lat' dir='ltr'>salutari</span> 
     </span>
     <span class='ocr_line' id='line_1_37' title="bbox 405 2159 1806 2218; baseline 0.003 -20"><span class='ocrx_word' id='word_1_172' title='bbox 405 2161 496 2199; x_wconf 87' lang='lat' dir='ltr'>tam</span> <span class='ocrx_word' id='word_1_173' title='bbox 530 2159 793 2201; x_wconf 81' lang='lat' dir='ltr'>salutaribus</span> <span class='ocrx_word' id='word_1_174' title='bbox 836 2161 951 2202; x_wconf 82' lang='lat' dir='ltr'>votis</span> <span class='ocrx_word' id='word_1_175' title='bbox 1002 2165 1140 2204; x_wconf 82' lang='lat' dir='ltr'>tantae</span> <span class='ocrx_word' id='word_1_176' title='bbox 1181 2162 1435 2217; x_wconf 85' lang='lat' dir='ltr'>majestatis,</span> <span class='ocrx_word' id='word_1_177' title='bbox 1478 2162 1668 2218; x_wconf 86' lang='lat' dir='ltr'>propitia</span> <span class='ocrx_word' id='word_1_178' title='bbox 1710 2162 1806 2203; x_wconf 78' lang='lat' dir='ltr'>Sal-</span> 
     </span>
     <span class='ocr_line' id='line_1_38' title="bbox 406 2226 1808 2286; baseline 0.004 -20"><span class='ocrx_word' id='word_1_179' title='bbox 406 2226 570 2267; x_wconf 85' lang='lat' dir='ltr'>vatoris</span> <span class='ocrx_word' id='word_1_180' title='bbox 602 2227 889 2278; x_wconf 84' lang='lat' dir='ltr'>miseratione,</span> <span class='ocrx_word' id='word_1_181' title='bbox 922 2229 1168 2272; x_wconf 85' lang='lat' dir='ltr'>satisfacere</span> <span class='ocrx_word' id='word_1_182' title='bbox 1216 2230 1451 2272; x_wconf 87' lang='lat' dir='ltr'>salutarius</span> <span class='ocrx_word' id='word_1_183' title='bbox 1471 2229 1495 2282; x_wconf 80' lang='lat'>3¹</span> <span class='ocrx_word' id='word_1_184' title='bbox 1545 2233 1670 2272; x_wconf 86' lang='lat' dir='ltr'>tanto</span> <span class='ocrx_word' id='word_1_185' title='bbox 1711 2245 1808 2286; x_wconf 87' lang='lat' dir='ltr'>pro-</span> 
     </span>
     <span class='ocr_line' id='line_1_39' title="bbox 407 2293 1806 2353; baseline 0.004 -20"><span class='ocrx_word' id='word_1_186' title='bbox 407 2293 594 2348; x_wconf 78' lang='lat' dir='ltr'>pensiori</span> <span class='ocrx_word' id='word_1_187' title='bbox 625 2295 786 2336; x_wconf 82' lang='lat' dir='ltr'>savoris</span> <span class='ocrx_word' id='word_1_188' title='bbox 818 2297 1003 2352; x_wconf 78' lang='lat' dir='ltr'>gratuiti</span> <span class='ocrx_word' id='word_1_189' title='bbox 1035 2298 1262 2340; x_wconf 87' lang='lat' dir='ltr'>dulcedine</span> <span class='ocrx_word' id='word_1_190' title='bbox 1300 2299 1611 2353; x_wconf 86' lang='lat' dir='ltr'>qualiscunque</span> <span class='ocrx_word' id='word_1_191' title='bbox 1645 2298 1806 2340; x_wconf 85' lang='lat' dir='ltr'>servuli</span> 
     </span>
     <span class='ocr_line' id='line_1_40' title="bbox 408 2361 1807 2422; baseline 0.004 -21"><span class='ocrx_word' id='word_1_192' title='bbox 408 2361 541 2402; x_wconf 80' lang='lat' dir='ltr'>vestii</span> <span class='ocrx_word' id='word_1_193' title='bbox 600 2365 800 2417; x_wconf 73' lang='lat' dir='ltr'>rogatum</span> <span class='ocrx_word' id='word_1_194' title='bbox 864 2369 1181 2420; x_wconf 78' lang='lat' dir='ltr'>prosequentes,</span> <span class='ocrx_word' id='word_1_195' title='bbox 1237 2370 1402 2421; x_wconf 87' lang='lat' dir='ltr'>quanto</span> <span class='ocrx_word' id='word_1_196' title='bbox 1463 2366 1578 2421; x_wconf 88' lang='lat' dir='ltr'>quod</span> <span class='ocrx_word' id='word_1_197' title='bbox 1641 2367 1807 2422; x_wconf 90' lang='lat' dir='ltr'>petitur</span> 
     </span>
     <span class='ocr_line' id='line_1_41' title="bbox 408 2429 1805 2490; baseline 0.005 -22"><span class='ocrx_word' id='word_1_198' title='bbox 408 2429 728 2470; x_wconf 66' lang='lat' dir='ltr'>aemulationem</span> <span class='ocrx_word' id='word_1_199' title='bbox 767 2431 1040 2474; x_wconf 73' lang='lat' dir='ltr'>sinceriorem</span> <span class='ocrx_word' id='word_1_200' title='bbox 1076 2433 1285 2490; x_wconf 83' lang='lat' dir='ltr'>respicere</span> <span class='ocrx_word' id='word_1_201' title='bbox 1326 2435 1615 2490; x_wconf 55' lang='lat' dir='ltr'>praesumitur,</span> <span class='ocrx_word' id='word_1_202' title='bbox 1652 2437 1696 2475; x_wconf 89' lang='lat' dir='ltr'>et</span> <span class='ocrx_word' id='word_1_203' title='bbox 1729 2448 1805 2490; x_wconf 87' lang='lat' dir='ltr'>pro</span> 
     </span>
     <span class='ocr_line' id='line_1_42' title="bbox 410 2497 1806 2557; baseline 0.006 -22"><span class='ocrx_word' id='word_1_204' title='bbox 410 2510 495 2550; x_wconf 84' lang='lat' dir='ltr'>qua</span> <span class='ocrx_word' id='word_1_205' title='bbox 517 2497 681 2552; x_wconf 82' lang='lat' dir='ltr'>petitur</span> <span class='ocrx_word' id='word_1_206' title='bbox 706 2502 881 2553; x_wconf 80' lang='lat' dir='ltr'>propter</span> <span class='ocrx_word' id='word_1_207' title='bbox 912 2499 1162 2555; x_wconf 87' lang='lat' dir='ltr'>hujusmodi</span> <span class='ocrx_word' id='word_1_208' title='bbox 1194 2501 1434 2557; x_wconf 83' lang='lat' dir='ltr'>spiritualis</span> <span class='ocrx_word' id='word_1_209' title='bbox 1458 2500 1612 2557; x_wconf 80' lang='lat' dir='ltr'>gratiae</span> <span class='ocrx_word' id='word_1_210' title='bbox 1634 2502 1806 2543; x_wconf 81' lang='lat' dir='ltr'>coeleste</span> 
     </span>
     <span class='ocr_line' id='line_1_43' title="bbox 409 2564 1806 2625; baseline 0.005 -22"><span class='ocrx_word' id='word_1_211' title='bbox 409 2564 667 2605; x_wconf 86' lang='lat' dir='ltr'>desiderium</span> <span class='ocrx_word' id='word_1_212' title='bbox 721 2566 971 2621; x_wconf 78' lang='lat' dir='ltr'>ampliorem</span> <span class='ocrx_word' id='word_1_213' title='bbox 1019 2569 1255 2611; x_wconf 88' lang='lat' dir='ltr'>rectissime</span> <span class='ocrx_word' id='word_1_214' title='bbox 1307 2573 1577 2625; x_wconf 87' lang='lat' dir='ltr'>promeretur</span> <span class='ocrx_word' id='word_1_215' title='bbox 1628 2570 1675 2610; x_wconf 88' lang='lat' dir='ltr'>in</span> <span class='ocrx_word' id='word_1_216' title='bbox 1717 2569 1806 2610; x_wconf 89' lang='lat' dir='ltr'>Do-</span> 
     </span>
     <span class='ocr_line' id='line_1_44' title="bbox 410 2645 820 2673; baseline 0.005 -2"><span class='ocrx_word' id='word_1_217' title='bbox 410 2645 527 2672; x_wconf 82' lang='lat' dir='ltr'>mmo</span> <span class='ocrx_word' id='word_1_218' title='bbox 559 2646 820 2673; x_wconf 76' lang='lat' dir='ltr'>consensum.</span> 
     </span>
    </p>

    <p class='ocr_par' dir='ltr' id='par_1_7' title="bbox 414 2699 1805 2818">
     <span class='ocr_line' id='line_1_45' title="bbox 472 2699 1805 2761; baseline 0.005 -22"><span class='ocrx_word' id='word_1_219' title='bbox 472 2699 626 2741; x_wconf 74' lang='lat' dir='ltr'>Valeat</span> <span class='ocrx_word' id='word_1_220' title='bbox 672 2705 869 2742; x_wconf 64' lang='lat' dir='ltr'>sanctum</span> <span class='ocrx_word' id='word_1_221' title='bbox 913 2702 1176 2745; x_wconf 79' lang='lat' dir='ltr'>sinceritatis</span> <span class='ocrx_word' id='word_1_222' title='bbox 1222 2708 1378 2748; x_wconf 66' lang='lat' dir='ltr'>vestrae</span> <span class='ocrx_word' id='word_1_223' title='bbox 1420 2705 1708 2761; x_wconf 84' lang='lat' dir='ltr'>patrocinium</span> <span class='ocrx_word' id='word_1_224' title='bbox 1758 2705 1805 2746; x_wconf 85' lang='lat' dir='ltr'>in</span> 
     </span>
     <span class='ocr_line' id='line_1_46' title="bbox 414 2766 698 2818; baseline 0.007 -11"><span class='ocrx_word' id='word_1_225' title='bbox 414 2766 599 2818; x_wconf 79' lang='lat' dir='ltr'>Christo,</span> <span class='ocrx_word' id='word_1_226' title='bbox 632 2768 698 2809; x_wconf 70' lang='lat' dir='ltr'>&amp;c</span> 
     </span>
    </p>
   </div>
   <div class='ocr_carea' id='block_1_7' title="bbox 921 2893 1277 2934">
    <p class='ocr_par' dir='ltr' id='par_1_8' title="bbox 921 2893 1277 2934">
     <span class='ocr_line' id='line_1_47' title="bbox 921 2893 1277 2934; baseline 0.008 -11"><span class='ocrx_word' id='word_1_227' title='bbox 921 2893 928 2910; x_wconf 89' lang='lat'><strong>¹</strong></span> <span class='ocrx_word' id='word_1_228' title='bbox 957 2893 1016 2924; x_wconf 63' lang='lat' dir='ltr'>sec</span> <span class='ocrx_word' id='word_1_229' title='bbox 1034 2893 1136 2934; x_wconf 73' lang='lat' dir='ltr'>Epist.</span> <span class='ocrx_word' id='word_1_230' title='bbox 1156 2894 1277 2926; x_wconf 75' lang='lat' dir='ltr'>CLVI.</span> 
     </span>
    </p>
   </div>
   <div class='ocr_carea' id='block_1_8' title="bbox 1062 2856 1752 2867">
    <p class='ocr_par' dir='ltr' id='par_1_9' title="bbox 1062 2856 1752 2867">
     <span class='ocr_line' id='line_1_48' title="bbox 1062 2856 1752 2867; baseline 0 0"><span class='ocrx_word' id='word_1_231' title='bbox 1062 2856 1752 2867; x_wconf 95' lang='lat' dir='ltr'> </span> 
     </span>
    </p>
   </div>
   <div class='ocr_carea' id='block_1_9' title="bbox 1896 2211 1905 2911">
    <p class='ocr_par' dir='ltr' id='par_1_10' title="bbox 1896 2211 1905 2911">
     <span class='ocr_line' id='line_1_49' title="bbox 1896 2211 1905 2911; baseline 0 0"><span class='ocrx_word' id='word_1_232' title='bbox 1896 2211 1905 2911; x_wconf 95' lang='lat' dir='ltr'> </span> 
     </span>
    </p>
   </div>
  </div>
 </body>
</html>
