1905 3180
362 279 446 319 230
843 281 948 311 ADAE
982 279 1042 310 DE
1073 277 1272 310 MAmsoo

364 408 560 444 turarum
604 398 916 447 considerati03
968 396 1046 439 ubi
1103 396 1219 438 inter
1273 392 1608 436 innumerabilia
1657 389 1767 432 illud

365 474 566 515 iaetanter
598 467 807 511 occurrit:
843 470 865 488 ‘⁶
882 465 979 507 Hoc
1008 468 1155 506 autem
1180 463 1313 505 habet
1339 462 1414 518 qui
1445 465 1489 503 te
1523 461 1635 511 colit,
1667 459 1769 516 quia

367 539 389 559 ‘⁵‘
423 538 458 580 01
504 538 599 579 vita
642 536 774 592 ipsius
816 535 863 575 in
914 532 1170 590 probatione
1211 530 1342 573 fuerit
1390 529 1686 579 coronabitur3
1733 526 1770 568 si

372 612 393 629 ‘⁴
425 610 571 648 autem
592 605 640 646 in
671 603 956 646 tribulatione
979 601 1120 652 fuerit,
1151 599 1435 650 liberabitur3
1468 601 1512 640 et
1543 597 1579 640 si
1604 597 1651 638 in
1683 611 1771 638 cor-

371 680 391 695 “
424 673 619 730 reptione
650 672 792 721 fuerit,
823 671 878 712 ad
910 668 1249 712 misericordiam
1280 671 1402 710 tuam
1432 666 1581 708 licebit
1611 664 1770 707 venire.

372 747 392 764 ‘⁴
426 743 529 784 Non
551 741 666 783 enim
687 739 849 782 laetaris
871 739 918 780 111
940 736 1310 793 deperditionibus
1332 735 1503 784 nostris,
1539 733 1640 789 quia
1674 735 1772 788 post

374 814 396 832 ‘⁶
428 812 734 865 tempestatem
763 806 1049 861 tranquillum
1077 805 1191 854 facis,
1228 808 1272 846 et
1302 806 1401 860 post
1429 801 1772 845 lacrimationem

373 882 395 899 “
428 881 472 919 et
504 878 653 918 fletum
695 875 1010 917 exultationem
1052 873 1254 914 infundis.
1332 871 1401 914 Sit
1432 885 1590 912 nomen
1635 873 1771 918 tuum,

372 950 394 967 ‘⁴
428 946 546 986 Deus
579 944 724 993 Israel,
754 942 1029 984 benedictum
1060 941 1108 982 in
1141 940 1332 983 0000010.υ
1351 938 1364 962 ¹
1426 939 1595 994 Nempe
1631 937 1775 993 Ipsius

374 1012 686 1068 superelemens
715 1010 933 1052 miseratio
964 1009 1024 1051 010
1056 1009 1244 1065 pereutit
1275 1008 1390 1064 quod
1421 1011 1555 1057 sanat,
1590 1007 1651 1047 010
1681 1005 1778 1047 vul-

375 1083 498 1122 nerat
535 1080 649 1135 quod
680 1079 886 1127 medetur,
931 1077 990 1119 010
1026 1076 1261 1118 mortificat
1305 1076 1421 1131 quod
1452 1075 1657 1117 vivificat.
1723 1072 1777 1114 Id

377 1148 493 1190 enim
515 1148 729 1188 modicum
752 1150 796 1188 et
820 1146 915 1187 leve
936 1144 1234 1187 tribulationis·
1256 1148 1416 1186 nostrae
1437 1142 1586 1199 gloriae
1608 1141 1777 1198 pondus

378 1217 423 1257 111
455 1214 721 1257 sublimitate
753 1229 882 1270 supra
912 1213 1089 1255 modum
1119 1212 1370 1268 operabitur
1401 1212 1446 1252 in
1478 1211 1613 1252 nobis.
1678 1209 1778 1250 Huc

379 1284 587 1325 accedunt
620 1286 663 1324 et
711 1281 973 1324 authenticae=
1005 1281 1253 1323 divinitatis
1290 1279 1532 1328 senteffliae,
1577 1282 1620 1320 et
1652 1281 1779 1319 certae

380 1352 598 1393 rationum
631 1350 838 1401 effioaoiae,
872 1353 917 1391 et
948 1349 1236 1405 amplexenda
1274 1349 1532 1391 Sanctorum
1569 1345 1778 1401 exempla,

383 1419 539 1474 quibus
601 1418 803 1460 omnibus
853 1418 1019 1460 saeoulis
1071 1416 1396 1459 evidentissime
1448 1416 1780 1463 demonstratm,

384 1502 512 1542 quam
564 1486 622 1527 sit
679 1486 811 1527 etiam
843 1485 1074 1526 affectuose
1107 1485 1390 1526 desideranda
1421 1482 1623 1525 salutaris
1661 1481 1784 1538 aegri-

384 1555 587 1596 tudinum
609 1553 872 1602 exercitatio,
897 1568 994 1607 quae
1026 1556 1070 1594 et
1095 1567 1188 1594 reos
1216 1552 1466 1593 reconciliat
1496 1565 1572 1607 per
1597 1551 1784 1602 veniam,

387 1626 430 1664 et
474 1621 767 1664 reconciliatos
799 1620 975 1662 deducit
1012 1635 1087 1676 per
1112 1619 1346 1676 justitiam,
1381 1624 1425 1661 et
1457 1619 1664 1660 deductos
1702 1618 1784 1659 sal-

387 1694 464 1731 vat
504 1705 579 1745 1101·
620 1689 997 1745 perseverantiam.
1079 1688 1281 1744 Amplius
1326 1691 1473 1729 autem
1523 1690 1683 1742 purgat
1729 1685 1785 1727 ad

388 1757 657 1813 suscipienda
694 1757 845 1798 divina
884 1757 1112 1812 magnalia,
1147 1756 1370 1798 illuminat
1401 1756 1457 1797 ad
1488 1753 1787 1810 conspicienda

387 1825 537 1866 divina
583 1825 835 1880 spectacula,
884 1824 1054 1880 proficit
1094 1824 1150 1865 ad
1196 1824 1469 1880 percipienda
1516 1823 1666 1864 divina
1717 1822 1788 1864 de-

389 1894 661 1943 leet-amenta,
704 1896 754 1933 ut
795 1892 929 1933 simus
978 1892 1089 1947 puri,
1139 1895 1189 1933 ut
1233 1891 1367 1932 simus
1402 1891 1517 1941 clari,
1553 1893 1604 1932 ut
1653 1890 1786 1940 simus

390 1960 540 2009 sancti,
586 1960 640 2001 ad
674 1959 848 2000 Patrem
893 1959 1160 2015 Ingenitum‚
1196 1959 1252 2000 ad
1285 1959 1447 2000 Filium
1480 1958 1784 2014 Unigenitum,

394 2028 450 2069 ad
483 2027 697 2082 Spiritum
730 2026 997 2068 Paraolitum
1028 2027 1280 2082 plenissima
1312 2027 1522 2068 felicitate
1553 2025 1758 2068 revocati.

451 2095 557 2146 Quis
613 2094 749 2149 igitur
799 2095 868 2135 vel
915 2095 1130 2137 {estimare
1192 2095 1365 2150 poterit,
1419 2094 1480 2135 mi
1531 2094 1787 2145 dulcissime,

392 2176 518 2217 0111101·
546 2162 793 2202 morborum
822 2161 1129 2204 afflictionibus
1159 2176 1464 2218 supersuavem
1486 2177 1682 2218 supernae
1704 2161 1790 2203 dis--

394 2228 660 2284 pensationis
700 2229 1029 2284 benignitatem.
1104 2230 1332 2272 Sustineat
1367 2230 1505 2286 igitur
1552 2230 1789 2272 salvificam

394 2296 478 2337 Dei
525 2296 723 2337 dextram
765 2301 969 2338 consueta
1015 2298 1168 2340 mellea
1213 2298 1352 2340 cordis
1398 2298 1699 2350 mansuetudo,
1744 2297 1790 2339 in

393 2363 633 2418 longanimi
668 2363 808 2406 beatae
843 2365 1235 2421 cireumspeotionis
1265 2365 1493 2422 patientia,
1519 2366 1686 2422 jugiter
1726 2369 1792 2408 at-

394 2430 624 2471 tendentes
656 2431 840 2473 ooelestis
868 2432 1092 2488 sapientiae
1125 2434 1393 2476 documenta.
1411 2454 1420 2462 -
1447 2434 1513 2476 De
1541 2434 1697 2489 quibus
1727 2436 1793 2475 est

396 2497 529 2538 illud:
578 2498 770 2539 “Melior
803 2502 867 2540 est
895 2500 1066 2555 patiens
1087 2501 1182 2543 viro
1210 2501 1324 2553 forti,
1357 2505 1401 2544 et
1432 2502 1507 2557 qui
1544 2502 1794 2544 dominatur

401 2572 421 2585 “
453 2565 608 2614 animo,
669 2570 966 2622 expugnatore
1023 2568 1235 2610 urbium.’'
1327 2569 1386 2611 Et
1446 2569 1556 2611 illud
1601 2570 1790 2611 iterum:

404 2632 663 2673 “Patientia
694 2634 933 2688 perfeetum
965 2650 1072 2691 opus
1102 2636 1274 2688 habeat,
1317 2641 1367 2678 ut
1399 2637 1494 2679 sitis
1525 2638 1714 2693 perfecti,
1750 2641 1794 2679 et

403 2705 423 2720 “
456 2700 626 2755 integri,
671 2700 717 2741 in
762 2702 881 2743 nullo
935 2703 1196 2746 deficiente.”
1274 2704 1333 2746 Et
1384 2705 1493 2746 illud
1539 2706 1791 2761 potissime:

978 2879 984 2897 ¹
997 2878 1078 2911 Tob.
1095 2878 1138 2911 iii.
1161 2883 1210 2912 21.
