1905 3180
424 247 438 286 ]
453 248 507 286 80
896 254 1002 287 ADAE
1035 254 1095 286 DE
1126 253 1321 285 MAmsco

197 384 357 417 hindered
422 374 586 415 tionem
620 386 748 429 super
782 371 1124 427 qualemcunque
1155 370 1237 411 mei
1284 369 1462 425 spiritus
1498 369 1678 411 exhibet
1712 385 1822 427 pree-

199 429 392 505 {fl‘ffjfflfgffl'
422 441 619 491 sentiam,
652 441 732 482 hac
776 440 870 482 vice
911 439 1197 496 personaliter
1232 438 1350 480 adire
1394 438 1584 494 nequivi,
1623 438 1822 493 quamvis

200 500 327 561 biffhop.
424 510 546 551 dolor
576 509 737 559 anxiet,
760 512 908 550 tamen
940 508 1153 564 sperantis
1185 507 1430 563 expectatio
1461 507 1686 558 laetificat3
1719 521 1823 562 quo-

422 579 540 619 niam
593 577 872 633 implendum,
925 576 1174 617 Divinitate
1217 574 1419 631 propitia,
1472 574 1652 627 confido,
1706 574 1822 630 quod

421 661 538 689 nuno
572 647 760 688 dilatum
802 659 983 701 queror3
1031 659 1109 686 nec
1141 644 1371 695 immerito,
1416 657 1513 684 cum
1554 657 1630 699 per
1674 643 1825 685 Salva-

422 716 530 757 toris
581 715 768 770 gratiam
821 713 1035 769 expeditis
1087 712 1273 754 ecclesiae
1324 715 1482 754 vestras
1533 711 1720 767 negotiis
1769 711 1824 752 ad

423 787 570 840 partes
633 786 801 824 vestras
864 796 961 823 cum
1024 781 1164 823 salute
1226 795 1303 822 vos
1374 780 1515 822 redire
1577 780 1822 836 contigerit.

424 853 581 894 Pareat
627 851 732 892 mihi
781 850 1006 900 Dominus,
1047 864 1132 900 ore,
1170 864 1224 891 ne
1257 863 1352 891 cum
1391 848 1654 890 detrimento
1706 851 1825 889 tran-

424 920 570 976 quillae
611 918 852 961 vacationis
908 918 964 959 ad
1006 915 1377 974 parleamentum¹
1426 916 1718 972 occupationis
1759 916 1825 957 in-

424 989 584 1044 quietae
609 988 885 1043 aliquatenus
907 1000 1034 1042 cogar
1056 986 1263 1028 accedere.
1317 985 1450 1041 Spero
1473 985 1686 1041 siquidem
1709 985 1825 1040 quod

423 1072 500 1113 per
539 1055 814 1098 clementiam
858 1055 1034 1096 Divinae
1086 1054 1420 1110 dispensationis
1465 1054 1529 1095 illi
1569 1054 1825 1094 salutarium

424 1124 733 1167 necessitatum
766 1122 952 1174 articuli,
986 1123 1038 1164 de
1077 1122 1234 1178 quibus
1267 1125 1332 1164 est
1365 1121 1605 1163 indefesse2
1639 1121 1826 1163 sollicita

426 1197 575 1236 sancta
605 1192 886 1248 paternitatis
917 1194 1075 1233 vestrae
1112 1190 1333 1242 sedulitas,
1368 1191 1422 1232 ad
1453 1190 1636 1246 gloriam
1669 1190 1826 1231 Divini

426 1261 613 1303 nominis
671 1263 715 1302 et
771 1260 956 1302 salutem
1005 1259 1145 1301 fidelis
1207 1259 1357 1315 populi
1402 1258 1682 1300 laudabiliter
1732 1273 1827 1314 per·
1879 1250 1886 1257 ’

426 1330 648 1372 ducentur.
731 1328 778 1370 Si
820 1328 937 1384 apud
978 1342 1118 1370 meam
1151 1327 1503 1369 insufficientiam
1535 1326 1700 1382 aliquid
1732 1341 1829 1368 con-

426 1398 512 1439 silii
543 1412 620 1453 per
655 1395 1021 1438 illuminationem
1063 1396 1221 1438 coelicae
1270 1395 1537 1451 dignationis
1584 1398 1715 1451 queat
1760 1394 1827 1436 in-

426 1465 577 1514 veniri,
610 1468 757 1506 vestra
788 1465 916 1506 novit
946 1464 1136 1520 benigna
1169 1464 1415 1505 sublimitas
1446 1463 1557 1505 illud
1588 1463 1681 1515 sibi,
1715 1463 1827 1506 sicut

427 1533 726 1589 dignissimum
774 1536 850 1581 est,
897 1532 1209 1588 supplicissime
1256 1532 1530 1574 serviturum.
1607 1531 1827 1574 Concedat

427 1602 608 1650 utinam,
654 1615 739 1649 oro,
784 1600 985 1643 Christus
1046 1600 1247 1656 pontifex
1305 1600 1551 1642 futurorum
1613 1600 1826 1642 bonorum

427 1670 565 1711 vestri
596 1669 855 1725 praesulatus
896 1669 1163 1710 beatitudini
1211 1669 1270 1710 sic
1310 1668 1478 1724 jugiter
1526 1668 1827 1711 administrare

430 1738 546 1792 quod
587 1737 823 1793 regendum
857 1737 1046 1792 suscepit
1082 1736 1307 1788 divinitus,
1344 1741 1395 1778 ut
1432 1737 1549 1791 quod
1589 1737 1829 1792 prudenter

430 1805 686 1854 discernitis,
721 1805 929 1846 cohibetis
970 1809 1274 1860 temperanter,
1320 1805 1448 1861 agitis
1479 1805 1663 1856 fortiter,
1690 1806 1829 1860 juste-

430 1888 512 1928 que
545 1873 821 1921 distribuitis,
854 1887 931 1928 per
964 1876 1157 1914 sanctam
1200 1887 1396 1929 supernae
1428 1872 1651 1928 sapientiae
1682 1873 1828 1914 mode-

429 1942 618 1982 rantiam
664 1941 720 1983 ad
766 1941 891 1982 illum
936 1941 1068 1982 finem
1110 1941 1311 1997 dirigatis
1357 1942 1405 1982 in
1449 1955 1533 1996 quo
1581 1941 1701 1983 Deus
1744 1942 1828 1983 erit

431 2010 576 2051 onmia
607 2010 653 2050 in
685 2009 896 2059 omnibus,
930 2009 1177 2051 {eternitate
1209 2012 1325 2051 certa
1356 2013 1401 2051 et
1431 2024 1534 2065 pace
1565 2009 1765 2065 perfecta.

491 2078 646 2119 Valeat
678 2081 835 2120 vestrae
867 2077 1136 2120 celsitudinis
1168 2077 1455 2129 incolumitas,
1489 2077 1589 2120 ete.3

475 2286 482 2305 ¹
504 2285 567 2317 Sic.
1193 2287 1204 2304 ⁵³
1221 2287 1293 2318 The
1310 2291 1376 2318 rest
1392 2287 1430 2318 of
1451 2287 1505 2318 the
1522 2297 1615 2328 page,
1631 2287 1696 2318 aud
1712 2287 1756 2318 all
1773 2287 1827 2320 the

475 2340 487 2356 ²
504 2337 672 2378 indqfhssa,
692 2338 727 2368 M
734 2338 765 2369 S.
1148 2349 1287 2378 reverse,
1304 2350 1359 2371 are
1375 2339 1433 2371 lest
1447 2339 1549 2372 blank
1567 2339 1600 2371 in
1615 2339 1670 2371 the
1686 2339 1761 2374 MS.
