1905 3180
691 227 925 260 ErisToLAE.
1420 220 1506 267 287

110 342 144 385 si
187 343 334 399 placet,
369 342 607 385 satisfacere
640 344 793 393 velitis,
828 344 882 385 ob
915 344 1029 399 quod
1061 360 1086 386 a
1133 346 1381 389 modicitate
1413 362 1509 389 mea

109 411 368 467 benignitati
390 416 545 453 vestrae
578 416 840 454 memoratus
873 413 1073 454 dominus
1097 412 1358 456 Willielmus
1380 416 1508 457 desti-

109 480 297 520 nandam
340 479 450 521 hanc
497 480 687 521 obtinuit
730 479 994 536 petitionem,
1049 482 1298 536 propensius
1351 483 1507 539 quippe

110 546 252 603 Ipsius
297 548 561 589 attendenda
597 552 661 590 est
707 548 962 598 reverentia,
1011 548 1085 603 qui
1136 564 1212 604 per
1248 550 1507 605 Apostolum

107 630 232 656 suum
263 617 427 658 cunctis
460 617 650 658 clamat:
689 615 911 659 “Nemini
943 616 1165 673 quippiam
1200 618 1391 660 debeatis
1422 620 1506 662 nisi

110 689 132 706 ‘⁴
163 692 214 725 ut
244 684 430 726 invicem
465 683 693 740 diligatis”

166 752 232 794 De
263 752 331 793 liis
360 752 588 807 hucusque.
637 751 854 795 Caeterum
878 768 974 795 cum
996 752 1052 794 ad
1072 753 1264 809 regimen
1285 753 1505 811 virginum

104 820 184 861 sub
227 819 501 862 institutione
533 821 719 877 regulari
752 821 844 862 Deo
884 821 1190 862 famulantium
1229 837 1306 863 vos
1353 823 1504 865 electio

103 888 255 930 divina
291 888 521 938 vocaverit,
582 889 686 943 quid
732 889 850 930 aliud
902 892 1057 931 vestrae
1110 891 1396 945 satagendum
1441 895 1505 933 est

103 956 337 1007 sanctitati,
371 971 500 1011 quam
552 960 602 998 ut
648 956 704 998 sit
735 957 850 1012 apud
893 957 1004 1012 ipsas
1048 957 1302 999 intrinsecus
1344 959 1501 1015 religio,

102 1038 190 1065 non
235 1024 378 1066 illecta
423 1024 618 1074 lasciviis,
672 1039 757 1065 non
814 1025 991 1080 decepta
1036 1025 1227 1076 fallaciis,
1271 1040 1359 1067 non
1412 1042 1503 1082 per-

101 1106 225 1133 versa
255 1092 468 1147 nequitiis,
502 1106 589 1133 non
621 1107 820 1148 oppressa
850 1093 1096 1144 violentiis3
1143 1094 1217 1134 sed
1260 1094 1316 1135 sit
1354 1095 1504 1136 decora

101 1174 178 1215 per
231 1160 502 1209 munditiam,
560 1160 617 1201 sit
657 1160 806 1201 vivida
851 1175 926 1216 per
986 1161 1270 1212 industria1n;
1322 1163 1396 1203 sed
1447 1163 1503 1204 sit

103 1242 207 1269 sana
262 1243 338 1283 per
378 1228 706 1279 innocentia1n3
770 1228 843 1269 scd
895 1228 951 1269 sit
994 1228 1140 1269 valida
1186 1243 1261 1283 per
1305 1233 1502 1271 constan-

102 1295 235 1337 tiam.l
301 1295 427 1347 Quod
472 1296 518 1337 ni
569 1296 649 1337 fiat
698 1310 774 1351 per
816 1310 892 1337 vos
945 1299 988 1337 et
1039 1299 1134 1337 tota
1177 1296 1414 1348 affectione,
1459 1302 1502 1339 et

101 1367 196 1406 tota
241 1364 418 1414 ratione,
458 1368 501 1406 et
543 1367 637 1406 tota
680 1365 853 1413 virtute,
903 1378 995 1406 ecce
1040 1378 1184 1405 coram
1227 1364 1500 1406 formidando

101 1433 273 1488 superni
304 1432 514 1474 examinis
554 1432 717 1487 judicio
749 1431 997 1473 nullatenus
1039 1431 1091 1473 de
1123 1436 1318 1488 suscepto
1355 1432 1501 1474 minis-

97 1501 216 1550 terio,
258 1501 304 1541 in
347 1500 747 1542 condemnationem
790 1500 953 1555 capitis,
1001 1499 1192 1541 Domino
1243 1500 1500 1542 saeoulorum

101 1568 302 1610 valebitis
333 1568 509 1610 reddere
545 1568 768 1609 rationem.
823 1567 869 1609 Si
901 1570 1047 1609 autem
1079 1572 1366 1610 memoratum
1399 1568 1501 1611 bea-

99 1636 276 1678 tissimae
307 1636 500 1678 caritatis
532 1635 722 1677 studium
760 1635 892 1690 juxta
924 1635 1039 1690 quod
1070 1650 1184 1677 nunc
1220 1639 1386 1678 tactum
1435 1641 1500 1679 est

98 1704 275 1759 implere
321 1704 574 1760 satageritis,
612 1703 865 1759 temporalia
895 1704 951 1744 ad
994 1704 1233 1745 subsidium
1274 1705 1499 1759 praesentis

98 1772 279 1814 miseriae
319 1772 577 1813 monasterio
609 1775 752 1813 vestro
784 1771 973 1813 exterius
1019 1771 1271 1826 adjacentia,
1307 1776 1351 1814 et
1391 1777 1499 1814 tein—

99 1843 310 1896 pemnter,
344 1844 387 1881 et
417 1840 662 1894 prudenter,
685 1842 729 1881 et
761 1839 997 1894 aequaliter,
1033 1842 1077 1880 et
1108 1839 1323 1881 stabiliter
1364 1840 1498 1881 admi-

99 1908 273 1949 nistrari
304 1908 433 1949 faciet
464 1907 703 1949 clementiae
736 1907 920 1949 coelestis
960 1907 1186 1948 benedicta
1223 1907 1494 1963 dispensatio,

98 1976 320 2031 praesentis
354 1989 545 2017 sermone
578 1979 767 2030 paterno,
807 1975 880 2030 qui
911 1975 973 2016 ait
999 1991 1006 2016 :
1048 1980 1069 1996 “
1091 1974 1285 2016 Primum
1317 1976 1496 2030 quaerite

100 2047 123 2065 “
154 2058 334 2099 regnum
371 2044 464 2092 Dei,
493 2047 536 2085 et
568 2043 712 2084 omnia
742 2042 833 2085 haec
864 2042 1121 2098 adjicientur
1152 2042 1311 2084 vobis.¹'

156 2119 312 2162 Valeat
342 2120 614 2175 professionis
645 2122 800 2161 vestrae
831 2123 978 2161 sancta
1005 2119 1206 2175 perfectio
1242 2120 1289 2162 in
1324 2119 1494 2164 Christo

99 2188 128 2230 J
132 2203 206 2231 esu
236 2202 403 2244 semper
433 2192 477 2230 et
518 2188 766 2230 beatissima
794 2187 1004 2245 Virgine?

826 2391 882 2423 the
899 2390 983 2428 MS„
998 2390 1108 2422 which
1123 2391 1189 2423 had
1204 2391 1288 2422 been
1303 2390 1362 2423 left
1378 2389 1491 2428 blank,

826 2443 907 2475 with
923 2454 964 2475 an
981 2443 1084 2475 entire
1100 2444 1202 2475 blank
1219 2454 1359 2476 reverse.
1385 2443 1493 2474 These

827 2506 938 2529 verses
950 2496 1065 2529 willbe
1077 2496 1180 2528 found
1188 2497 1221 2528 in
1234 2497 1289 2529 the
1302 2495 1492 2539 Appendix.

142 2391 149 2410 ¹
175 2390 236 2423 See
253 2401 283 2432 p.
301 2393 374 2422 108.

140 2444 152 2462 ²
175 2443 265 2476 Here
278 2443 389 2475 follow
405 2453 494 2475 some
505 2442 638 2475 Freneh
650 2453 770 2482 verses,

98 2496 229 2529 written
253 2497 288 2528 in
317 2507 337 2528 a
363 2496 517 2528 different
539 2497 599 2528 but
623 2501 770 2528 contem-

97 2559 218 2593 porary
244 2550 343 2588 hand,
370 2559 412 2581 on
440 2549 495 2581 the
522 2550 623 2581 lower
648 2548 722 2581 half
741 2549 780 2580 of
