<?xml version="1.0" encoding="UTF-8"?>
<!DOCTYPE html PUBLIC "-//W3C//DTD XHTML 1.0 Transitional//EN"
    "http://www.w3.org/TR/xhtml1/DTD/xhtml1-transitional.dtd">
<html xmlns="http://www.w3.org/1999/xhtml" xml:lang="en" lang="en">
 <head>
  <title>
</title>
<meta http-equiv="Content-Type" content="text/html;charset=utf-8" />
  <meta name='ocr-system' content='tesseract 3.04.00' />
  <meta name='ocr-capabilities' content='ocr_page ocr_carea ocr_par ocr_line ocrx_word'/>
</head>
<body>
  <div class='ocr_page' id='page_1' title='image "./monumentafrancis01thom_0300.png"; bbox 0 0 1905 3180; ppageno 0'>
   <div class='ocr_carea' id='block_1_1' title="bbox 427 258 1320 298">
    <p class='ocr_par' dir='ltr' id='par_1_1' title="bbox 427 258 1320 298">
     <span class='ocr_line' id='line_1_1' title="bbox 427 258 1320 298; baseline -0.002 -1"><span class='ocrx_word' id='word_1_1' title='bbox 427 258 507 297; x_wconf 69' lang='lat'>142</span> <span class='ocrx_word' id='word_1_2' title='bbox 898 266 1002 296; x_wconf 49' lang='lat' dir='ltr'>1⁴21)AE</span> <span class='ocrx_word' id='word_1_3' title='bbox 1035 267 1095 297; x_wconf 72' lang='lat' dir='ltr'>DE</span> <span class='ocrx_word' id='word_1_4' title='bbox 1125 267 1320 298; x_wconf 62' lang='lat' dir='ltr'>MAmssfo</span> 
     </span>
    </p>
   </div>
   <div class='ocr_carea' id='block_1_2' title="bbox 412 379 1820 2461">
    <p class='ocr_par' dir='ltr' id='par_1_2' title="bbox 413 379 1820 1046">
     <span class='ocr_line' id='line_1_2' title="bbox 422 379 1818 436; baseline 0.002 -17"><span class='ocrx_word' id='word_1_5' title='bbox 422 380 529 435; x_wconf 74' lang='lat' dir='ltr'>phut</span> <span class='ocrx_word' id='word_1_6' title='bbox 565 379 652 436; x_wconf 87' lang='lat' dir='ltr'>[in]</span> <span class='ocrx_word' id='word_1_7' title='bbox 690 381 817 421; x_wconf 83' lang='lat' dir='ltr'>duces</span> <span class='ocrx_word' id='word_1_8' title='bbox 849 384 1086 422; x_wconf 78' lang='lat' dir='ltr'>castrorum</span> <span class='ocrx_word' id='word_1_9' title='bbox 1130 381 1337 421; x_wconf 72' lang='lat' dir='ltr'>Domini?</span> <span class='ocrx_word' id='word_1_10' title='bbox 1372 381 1462 421; x_wconf 81' lang='lat' dir='ltr'>Ubi</span> <span class='ocrx_word' id='word_1_11' title='bbox 1491 395 1576 422; x_wconf 88' lang='lat' dir='ltr'>non</span> <span class='ocrx_word' id='word_1_12' title='bbox 1609 380 1818 422; x_wconf 81' lang='lat' dir='ltr'>indefesse</span> 
     </span>
     <span class='ocr_line' id='line_1_3' title="bbox 420 448 1819 503; baseline 0.001 -15"><span class='ocrx_word' id='word_1_13' title='bbox 420 448 656 488; x_wconf 79' lang='lat' dir='ltr'>traduntur</span> <span class='ocrx_word' id='word_1_14' title='bbox 688 449 732 488; x_wconf 88' lang='grc'>111</span> <span class='ocrx_word' id='word_1_15' title='bbox 768 449 1056 503; x_wconf 70' lang='lat' dir='ltr'>direptionem</span> <span class='ocrx_word' id='word_1_16' title='bbox 1086 448 1195 489; x_wconf 73' lang='lat' dir='ltr'>acies</span> <span class='ocrx_word' id='word_1_17' title='bbox 1222 449 1329 489; x_wconf 75' lang='lat' dir='ltr'>Jesu</span> <span class='ocrx_word' id='word_1_18' title='bbox 1353 448 1545 490; x_wconf 73' lang='lat' dir='ltr'>Christi?</span> <span class='ocrx_word' id='word_1_19' title='bbox 1588 448 1723 503; x_wconf 77' lang='lat' dir='ltr'>Cujus</span> <span class='ocrx_word' id='word_1_20' title='bbox 1755 449 1819 491; x_wconf 60' lang='lat' dir='ltr'>vi«</span> 
     </span>
     <span class='ocr_line' id='line_1_4' title="bbox 421 515 1818 572; baseline 0.001 -16"><span class='ocrx_word' id='word_1_21' title='bbox 421 515 576 556; x_wconf 83' lang='lat' dir='ltr'>delicet</span> <span class='ocrx_word' id='word_1_22' title='bbox 612 516 702 557; x_wconf 81' lang='lat' dir='ltr'>veri</span> <span class='ocrx_word' id='word_1_23' title='bbox 739 516 887 558; x_wconf 70' lang='lat' dir='ltr'>Josuzc</span> <span class='ocrx_word' id='word_1_24' title='bbox 921 531 1066 558; x_wconf 81' lang='lat' dir='ltr'>vocem</span> <span class='ocrx_word' id='word_1_25' title='bbox 1101 517 1306 558; x_wconf 70' lang='lat' dir='ltr'>audivit?</span> <span class='ocrx_word' id='word_1_26' title='bbox 1347 516 1514 567; x_wconf 73' lang='lat' dir='ltr'>Quibus</span> <span class='ocrx_word' id='word_1_27' title='bbox 1551 531 1627 572; x_wconf 82' lang='lat' dir='ltr'>per</span> <span class='ocrx_word' id='word_1_28' title='bbox 1667 517 1818 560; x_wconf 85' lang='lat' dir='ltr'>mundi</span> 
     </span>
     <span class='ocr_line' id='line_1_5' title="bbox 417 583 1820 625; baseline 0 -1"><span class='ocrx_word' id='word_1_29' title='bbox 417 583 797 625; x_wconf 49' lang='grc' dir='ltr'>0111111010111111111ὲῦ4</span> <span class='ocrx_word' id='word_1_30' title='bbox 839 600 925 625; x_wconf 82' lang='lat' dir='ltr'>non</span> <span class='ocrx_word' id='word_1_31' title='bbox 969 585 1287 625; x_wconf 81' lang='lat' dir='ltr'>obsurduerunt</span> <span class='ocrx_word' id='word_1_32' title='bbox 1321 585 1547 625; x_wconf 77' lang='lat' dir='ltr'>clamantis</span> <span class='ocrx_word' id='word_1_33' title='bbox 1587 585 1643 625; x_wconf 79' lang='lat' dir='ltr'>ad</span> <span class='ocrx_word' id='word_1_34' title='bbox 1684 584 1820 625; x_wconf 87' lang='lat' dir='ltr'>Altis-</span> 
     </span>
     <span class='ocr_line' id='line_1_6' title="bbox 413 651 1818 707; baseline 0.001 -16"><span class='ocrx_word' id='word_1_35' title='bbox 413 651 571 692; x_wconf 83' lang='lat' dir='ltr'>simum</span> <span class='ocrx_word' id='word_1_36' title='bbox 608 652 822 700; x_wconf 87' lang='lat' dir='ltr'>continue,</span> <span class='ocrx_word' id='word_1_37' title='bbox 863 652 969 707; x_wconf 82' lang='lat' dir='ltr'>proh</span> <span class='ocrx_word' id='word_1_38' title='bbox 1005 653 1126 693; x_wconf 85' lang='lat' dir='ltr'>dolor</span> <span class='ocrx_word' id='word_1_39' title='bbox 1153 656 1158 693; x_wconf 76' lang='lat'>3</span> <span class='ocrx_word' id='word_1_40' title='bbox 1197 657 1218 673; x_wconf 88' lang='lat'><strong>“</strong></span> <span class='ocrx_word' id='word_1_41' title='bbox 1236 653 1299 692; x_wconf 83' lang='lat' dir='ltr'>Mi</span> <span class='ocrx_word' id='word_1_42' title='bbox 1333 652 1521 693; x_wconf 80' lang='lat' dir='ltr'>Domine</span> <span class='ocrx_word' id='word_1_43' title='bbox 1552 653 1681 701; x_wconf 86' lang='lat' dir='ltr'>Deus,</span> <span class='ocrx_word' id='word_1_44' title='bbox 1712 652 1818 706; x_wconf 84' lang='lat' dir='ltr'>quid</span> 
     </span>
     <span class='ocr_line' id='line_1_7' title="bbox 416 719 1817 775; baseline 0.001 -16"><span class='ocrx_word' id='word_1_45' title='bbox 416 726 434 739; x_wconf 82' lang='lat'>‘·</span> <span class='ocrx_word' id='word_1_46' title='bbox 469 719 608 760; x_wconf 76' lang='lat' dir='ltr'>dicam</span> <span class='ocrx_word' id='word_1_47' title='bbox 652 720 803 761; x_wconf 75' lang='lat' dir='ltr'>videns</span> <span class='ocrx_word' id='word_1_48' title='bbox 835 721 1077 761; x_wconf 64' lang='lat' dir='ltr'>Jerusalem</span> <span class='ocrx_word' id='word_1_49' title='bbox 1109 720 1307 761; x_wconf 84' lang='lat' dir='ltr'>hostibus</span> <span class='ocrx_word' id='word_1_50' title='bbox 1351 720 1439 760; x_wconf 81' lang='lat' dir='ltr'>suis</span> <span class='ocrx_word' id='word_1_51' title='bbox 1480 723 1603 775; x_wconf 82' lang='lat' dir='ltr'>terga</span> <span class='ocrx_word' id='word_1_52' title='bbox 1644 723 1817 761; x_wconf 85' lang='lat' dir='ltr'>verten-</span> 
     </span>
     <span class='ocr_line' id='line_1_8' title="bbox 415 787 1817 843; baseline 0.001 -15"><span class='ocrx_word' id='word_1_53' title='bbox 415 793 434 807; x_wconf 74' lang='lat'>‘⁴</span> <span class='ocrx_word' id='word_1_54' title='bbox 469 791 558 828; x_wconf 86' lang='lat' dir='ltr'>tem</span> <span class='ocrx_word' id='word_1_55' title='bbox 577 787 615 829; x_wconf 70' lang='lat'>2&#39;&#39;</span> <span class='ocrx_word' id='word_1_56' title='bbox 686 788 1024 843; x_wconf 84' lang='lat' dir='ltr'>Erumpentium</span> <span class='ocrx_word' id='word_1_57' title='bbox 1069 802 1315 829; x_wconf 75' lang='lat' dir='ltr'>sermonum</span> <span class='ocrx_word' id='word_1_58' title='bbox 1358 788 1460 829; x_wconf 85' lang='lat' dir='ltr'>licet</span> <span class='ocrx_word' id='word_1_59' title='bbox 1502 788 1702 829; x_wconf 83' lang='lat' dir='ltr'>densatas</span> <span class='ocrx_word' id='word_1_60' title='bbox 1743 803 1817 830; x_wconf 85' lang='lat' dir='ltr'>an-</span> 
     </span>
     <span class='ocr_line' id='line_1_9' title="bbox 413 855 1815 911; baseline 0.001 -16"><span class='ocrx_word' id='word_1_61' title='bbox 413 855 580 910; x_wconf 78' lang='lat' dir='ltr'>gustias</span> <span class='ocrx_word' id='word_1_62' title='bbox 617 856 771 911; x_wconf 76' lang='lat' dir='ltr'>putavi</span> <span class='ocrx_word' id='word_1_63' title='bbox 805 856 1141 911; x_wconf 75' lang='lat' dir='ltr'>compescendas.</span> <span class='ocrx_word' id='word_1_64' title='bbox 1206 856 1367 897; x_wconf 78' lang='lat' dir='ltr'>Vereor</span> <span class='ocrx_word' id='word_1_65' title='bbox 1399 856 1514 897; x_wconf 85' lang='lat' dir='ltr'>enim</span> <span class='ocrx_word' id='word_1_66' title='bbox 1548 856 1593 897; x_wconf 88' lang='lat' dir='ltr'>in</span> <span class='ocrx_word' id='word_1_67' title='bbox 1635 859 1815 897; x_wconf 87' lang='lat' dir='ltr'>Ventum</span> 
     </span>
     <span class='ocr_line' id='line_1_10' title="bbox 414 923 1816 980; baseline 0.001 -17"><span class='ocrx_word' id='word_1_68' title='bbox 414 923 547 964; x_wconf 87' lang='lat' dir='ltr'>verba</span> <span class='ocrx_word' id='word_1_69' title='bbox 579 923 776 978; x_wconf 82' lang='lat' dir='ltr'>proferre.</span> <span class='ocrx_word' id='word_1_70' title='bbox 840 924 926 965; x_wconf 79' lang='lat' dir='ltr'>Sed</span> <span class='ocrx_word' id='word_1_71' title='bbox 958 924 1196 980; x_wconf 79' lang='lat' dir='ltr'>suppressis</span> <span class='ocrx_word' id='word_1_72' title='bbox 1234 924 1415 979; x_wconf 77' lang='lat' dir='ltr'>eloquiis</span> <span class='ocrx_word' id='word_1_73' title='bbox 1450 923 1545 978; x_wconf 86' lang='lat' dir='ltr'>quis</span> <span class='ocrx_word' id='word_1_74' title='bbox 1578 923 1701 966; x_wconf 83' lang='lat' dir='ltr'>dabit</span> <span class='ocrx_word' id='word_1_75' title='bbox 1742 937 1816 965; x_wconf 74' lang='lat' dir='ltr'>ex-</span> 
     </span>
     <span class='ocr_line' id='line_1_11' title="bbox 413 991 845 1046; baseline 0.002 -16"><span class='ocrx_word' id='word_1_76' title='bbox 413 991 598 1046; x_wconf 84' lang='lat' dir='ltr'>primere</span> <span class='ocrx_word' id='word_1_77' title='bbox 619 991 816 1032; x_wconf 78' lang='lat' dir='ltr'>lacrimas</span> <span class='ocrx_word' id='word_1_78' title='bbox 831 994 845 1032; x_wconf 67' lang='lat'><em>2</em></span> 
     </span>
    </p>

    <p class='ocr_par' dir='ltr' id='par_1_3' title="bbox 413 1059 1816 1589">
     <span class='ocr_line' id='line_1_12' title="bbox 473 1059 1816 1115; baseline 0.001 -15"><span class='ocrx_word' id='word_1_79' title='bbox 473 1059 574 1100; x_wconf 76' lang='lat' dir='ltr'>Jam</span> <span class='ocrx_word' id='word_1_80' title='bbox 612 1074 638 1100; x_wconf 82' lang='lat' dir='ltr'>a</span> <span class='ocrx_word' id='word_1_81' title='bbox 675 1060 826 1100; x_wconf 77' lang='lat' dir='ltr'>diebus</span> <span class='ocrx_word' id='word_1_82' title='bbox 867 1060 1035 1114; x_wconf 76' lang='lat' dir='ltr'>aliquot</span> <span class='ocrx_word' id='word_1_83' title='bbox 1077 1060 1261 1115; x_wconf 75' lang='lat' dir='ltr'>amplius</span> <span class='ocrx_word' id='word_1_84' title='bbox 1299 1060 1425 1101; x_wconf 88' lang='lat' dir='ltr'>solito</span> <span class='ocrx_word' id='word_1_85' title='bbox 1459 1074 1586 1115; x_wconf 84' lang='lat' dir='ltr'>super</span> <span class='ocrx_word' id='word_1_86' title='bbox 1619 1060 1685 1101; x_wconf 85' lang='lat' dir='ltr'>his</span> <span class='ocrx_word' id='word_1_87' title='bbox 1719 1075 1816 1115; x_wconf 76' lang='lat' dir='ltr'>quae</span> 
     </span>
     <span class='ocr_line' id='line_1_13' title="bbox 413 1127 1816 1185; baseline 0.001 -18"><span class='ocrx_word' id='word_1_88' title='bbox 413 1130 503 1168; x_wconf 82' lang='lat' dir='ltr'>tam</span> <span class='ocrx_word' id='word_1_89' title='bbox 537 1130 694 1169; x_wconf 61' lang='lat' dir='ltr'>vestrae</span> <span class='ocrx_word' id='word_1_90' title='bbox 726 1128 972 1169; x_wconf 78' lang='lat' dir='ltr'>sanctitatis</span> <span class='ocrx_word' id='word_1_91' title='bbox 1005 1143 1134 1182; x_wconf 78' lang='lat' dir='ltr'>quam</span> <span class='ocrx_word' id='word_1_92' title='bbox 1167 1127 1380 1169; x_wconf 73' lang='lat' dir='ltr'>exilitatis</span> <span class='ocrx_word' id='word_1_93' title='bbox 1418 1142 1525 1170; x_wconf 78' lang='lat' dir='ltr'>meae</span> <span class='ocrx_word' id='word_1_94' title='bbox 1555 1129 1816 1185; x_wconf 82' lang='lat' dir='ltr'>contingunt</span> 
     </span>
     <span class='ocr_line' id='line_1_14' title="bbox 414 1194 1815 1251; baseline 0.001 -16"><span class='ocrx_word' id='word_1_95' title='bbox 414 1195 729 1250; x_wconf 85' lang='lat' dir='ltr'>professionem,</span> <span class='ocrx_word' id='word_1_96' title='bbox 784 1210 877 1237; x_wconf 85' lang='lat' dir='ltr'>ecce</span> <span class='ocrx_word' id='word_1_97' title='bbox 921 1210 1061 1236; x_wconf 78' lang='lat' dir='ltr'>coram</span> <span class='ocrx_word' id='word_1_98' title='bbox 1111 1194 1284 1237; x_wconf 82' lang='lat' dir='ltr'>Christo</span> <span class='ocrx_word' id='word_1_99' title='bbox 1339 1195 1528 1245; x_wconf 89' lang='lat' dir='ltr'>Domini,</span> <span class='ocrx_word' id='word_1_100' title='bbox 1575 1196 1680 1251; x_wconf 89' lang='lat' dir='ltr'>quid</span> <span class='ocrx_word' id='word_1_101' title='bbox 1721 1196 1815 1238; x_wconf 87' lang='lat' dir='ltr'>fieri</span> 
     </span>
     <span class='ocr_line' id='line_1_15' title="bbox 415 1263 1814 1320; baseline 0.002 -18"><span class='ocrx_word' id='word_1_102' title='bbox 415 1277 520 1318; x_wconf 86' lang='lat' dir='ltr'>opus</span> <span class='ocrx_word' id='word_1_103' title='bbox 554 1264 611 1304; x_wconf 83' lang='lat' dir='ltr'>sit</span> <span class='ocrx_word' id='word_1_104' title='bbox 644 1278 816 1318; x_wconf 87' lang='lat' dir='ltr'>prorsus</span> <span class='ocrx_word' id='word_1_105' title='bbox 848 1264 998 1305; x_wconf 86' lang='lat' dir='ltr'>nescio.</span> <span class='ocrx_word' id='word_1_106' title='bbox 1066 1264 1228 1305; x_wconf 83' lang='lat' dir='ltr'>Verum</span> <span class='ocrx_word' id='word_1_107' title='bbox 1261 1263 1546 1305; x_wconf 76' lang='lat' dir='ltr'>desiderarem</span> <span class='ocrx_word' id='word_1_108' title='bbox 1577 1264 1814 1320; x_wconf 85' lang='lat' dir='ltr'>plurimum</span> 
     </span>
     <span class='ocr_line' id='line_1_16' title="bbox 415 1331 1814 1375; baseline 0.002 -4"><span class='ocrx_word' id='word_1_109' title='bbox 415 1332 450 1371; x_wconf 84' lang='lat' dir='ltr'>si</span> <span class='ocrx_word' id='word_1_110' title='bbox 509 1331 721 1372; x_wconf 73' lang='lat' dir='ltr'>divinitus</span> <span class='ocrx_word' id='word_1_111' title='bbox 776 1332 953 1373; x_wconf 80' lang='lat' dir='ltr'>daretur</span> <span class='ocrx_word' id='word_1_112' title='bbox 999 1332 1114 1374; x_wconf 76' lang='lat' dir='ltr'>vivae</span> <span class='ocrx_word' id='word_1_113' title='bbox 1159 1332 1277 1373; x_wconf 86' lang='lat' dir='ltr'>vocis</span> <span class='ocrx_word' id='word_1_114' title='bbox 1321 1334 1479 1375; x_wconf 69' lang='lat' dir='ltr'>vestrae</span> <span class='ocrx_word' id='word_1_115' title='bbox 1527 1332 1573 1374; x_wconf 89' lang='lat' dir='ltr'>in</span> <span class='ocrx_word' id='word_1_116' title='bbox 1626 1332 1814 1374; x_wconf 82' lang='lat' dir='ltr'>Domino</span> 
     </span>
     <span class='ocr_line' id='line_1_17' title="bbox 415 1398 1814 1455; baseline 0.002 -17"><span class='ocrx_word' id='word_1_117' title='bbox 415 1398 498 1439; x_wconf 84' lang='lat' dir='ltr'>frui</span> <span class='ocrx_word' id='word_1_118' title='bbox 543 1400 778 1440; x_wconf 69' lang='lat' dir='ltr'>directione</span> <span class='ocrx_word' id='word_1_119' title='bbox 821 1401 984 1455; x_wconf 76' lang='lat' dir='ltr'>pariter</span> <span class='ocrx_word' id='word_1_120' title='bbox 1026 1403 1070 1441; x_wconf 90' lang='lat' dir='ltr'>et</span> <span class='ocrx_word' id='word_1_121' title='bbox 1117 1400 1284 1449; x_wconf 80' lang='lat' dir='ltr'>solatio,</span> <span class='ocrx_word' id='word_1_122' title='bbox 1326 1400 1440 1441; x_wconf 82' lang='lat' dir='ltr'>sicut</span> <span class='ocrx_word' id='word_1_123' title='bbox 1481 1414 1577 1441; x_wconf 83' lang='lat' dir='ltr'>reor</span> <span class='ocrx_word' id='word_1_124' title='bbox 1608 1415 1694 1441; x_wconf 88' lang='lat' dir='ltr'>non</span> <span class='ocrx_word' id='word_1_125' title='bbox 1726 1415 1814 1441; x_wconf 90' lang='lat' dir='ltr'>me-</span> 
     </span>
     <span class='ocr_line' id='line_1_18' title="bbox 415 1467 1813 1523; baseline 0.003 -17"><span class='ocrx_word' id='word_1_126' title='bbox 415 1467 620 1508; x_wconf 82' lang='lat' dir='ltr'>diocriter</span> <span class='ocrx_word' id='word_1_127' title='bbox 656 1468 701 1507; x_wconf 87' lang='grc'>111</span> <span class='ocrx_word' id='word_1_128' title='bbox 744 1468 1073 1523; x_wconf 63' lang='lat' dir='ltr'>przesentiarum</span> <span class='ocrx_word' id='word_1_129' title='bbox 1116 1468 1196 1509; x_wconf 90' lang='lat' dir='ltr'>hoc</span> <span class='ocrx_word' id='word_1_130' title='bbox 1237 1467 1365 1509; x_wconf 79' lang='lat' dir='ltr'>rebus</span> <span class='ocrx_word' id='word_1_131' title='bbox 1411 1468 1683 1510; x_wconf 74' lang='lat' dir='ltr'>moderandis</span> <span class='ocrx_word' id='word_1_132' title='bbox 1724 1469 1813 1510; x_wconf 87' lang='lat' dir='ltr'>fore</span> 
     </span>
     <span class='ocr_line' id='line_1_19' title="bbox 416 1538 717 1589; baseline 0.003 -15"><span class='ocrx_word' id='word_1_133' title='bbox 416 1538 717 1589; x_wconf 85' lang='lat' dir='ltr'>opportunum.</span> 
     </span>
    </p>

    <p class='ocr_par' dir='ltr' id='par_1_4' title="bbox 412 1602 1814 2254">
     <span class='ocr_line' id='line_1_20' title="bbox 476 1602 1813 1660; baseline 0.002 -17"><span class='ocrx_word' id='word_1_134' title='bbox 476 1602 665 1644; x_wconf 81' lang='lat' dir='ltr'>Locutus</span> <span class='ocrx_word' id='word_1_135' title='bbox 711 1618 805 1644; x_wconf 87' lang='lat' dir='ltr'>sum</span> <span class='ocrx_word' id='word_1_136' title='bbox 851 1618 946 1645; x_wconf 90' lang='grc'>011111</span> <span class='ocrx_word' id='word_1_137' title='bbox 980 1604 1153 1645; x_wconf 88' lang='lat' dir='ltr'>domino</span> <span class='ocrx_word' id='word_1_138' title='bbox 1195 1619 1294 1660; x_wconf 81' lang='lat' dir='ltr'>rege</span> <span class='ocrx_word' id='word_1_139' title='bbox 1331 1607 1376 1646; x_wconf 89' lang='lat' dir='ltr'>et</span> <span class='ocrx_word' id='word_1_140' title='bbox 1418 1605 1671 1647; x_wconf 84' lang='lat' dir='ltr'>consiliariis</span> <span class='ocrx_word' id='word_1_141' title='bbox 1713 1606 1813 1656; x_wconf 85' lang='lat' dir='ltr'>suis,</span> 
     </span>
     <span class='ocr_line' id='line_1_21' title="bbox 413 1671 1813 1728; baseline 0.003 -17"><span class='ocrx_word' id='word_1_142' title='bbox 413 1671 646 1711; x_wconf 72' lang='lat' dir='ltr'>transitum</span> <span class='ocrx_word' id='word_1_143' title='bbox 704 1672 963 1713; x_wconf 77' lang='lat' dir='ltr'>facientibus</span> <span class='ocrx_word' id='word_1_144' title='bbox 1016 1687 1092 1728; x_wconf 85' lang='lat' dir='ltr'>per</span> <span class='ocrx_word' id='word_1_145' title='bbox 1143 1672 1369 1722; x_wconf 78' lang='lat' dir='ltr'>Oxoniam,</span> <span class='ocrx_word' id='word_1_146' title='bbox 1433 1676 1477 1714; x_wconf 91' lang='lat' dir='ltr'>et</span> <span class='ocrx_word' id='word_1_147' title='bbox 1529 1674 1575 1714; x_wconf 87' lang='lat' dir='ltr'>in</span> <span class='ocrx_word' id='word_1_148' title='bbox 1623 1675 1813 1715; x_wconf 86' lang='lat' dir='ltr'>medium</span> 
     </span>
     <span class='ocr_line' id='line_1_22' title="bbox 415 1739 1812 1795; baseline 0.005 -18"><span class='ocrx_word' id='word_1_149' title='bbox 415 1739 727 1780; x_wconf 66' lang='lat' dir='ltr'>deducentibus</span> <span class='ocrx_word' id='word_1_150' title='bbox 793 1740 934 1781; x_wconf 79' lang='lat' dir='ltr'>nescio</span> <span class='ocrx_word' id='word_1_151' title='bbox 998 1755 1103 1794; x_wconf 79' lang='lat' dir='ltr'>quas</span> <span class='ocrx_word' id='word_1_152' title='bbox 1165 1741 1545 1795; x_wconf 76' lang='lat' dir='ltr'>quaerimoniarum</span> <span class='ocrx_word' id='word_1_153' title='bbox 1607 1742 1812 1792; x_wconf 82' lang='lat' dir='ltr'>fictiones,</span> 
     </span>
     <span class='ocr_line' id='line_1_23' title="bbox 414 1806 1810 1865; baseline 0.004 -19"><span class='ocrx_word' id='word_1_154' title='bbox 414 1806 549 1851; x_wconf 66' lang='lat' dir='ltr'>vobis,</span> <span class='ocrx_word' id='word_1_155' title='bbox 583 1808 710 1848; x_wconf 78' lang='lat' dir='ltr'>sicuti</span> <span class='ocrx_word' id='word_1_156' title='bbox 745 1808 872 1848; x_wconf 90' lang='lat' dir='ltr'>didici</span> <span class='ocrx_word' id='word_1_157' title='bbox 906 1822 982 1863; x_wconf 82' lang='lat' dir='ltr'>per</span> <span class='ocrx_word' id='word_1_158' title='bbox 1013 1808 1235 1849; x_wconf 83' lang='grc'>11011111111111</span> <span class='ocrx_word' id='word_1_159' title='bbox 1269 1824 1425 1864; x_wconf 75' lang='lat' dir='ltr'>regem,</span> <span class='ocrx_word' id='word_1_160' title='bbox 1447 1823 1535 1850; x_wconf 88' lang='lat' dir='ltr'>non</span> <span class='ocrx_word' id='word_1_161' title='bbox 1562 1810 1810 1865; x_wconf 76' lang='lat' dir='ltr'>incognitas.</span> 
     </span>
     <span class='ocr_line' id='line_1_24' title="bbox 414 1873 1814 1929; baseline 0.004 -15"><span class='ocrx_word' id='word_1_162' title='bbox 414 1873 499 1914; x_wconf 73' lang='lat' dir='ltr'>Sed</span> <span class='ocrx_word' id='word_1_163' title='bbox 536 1875 620 1915; x_wconf 85' lang='lat' dir='ltr'>scio</span> <span class='ocrx_word' id='word_1_164' title='bbox 663 1875 777 1929; x_wconf 75' lang='lat' dir='ltr'>quod</span> <span class='ocrx_word' id='word_1_165' title='bbox 819 1875 853 1915; x_wconf 84' lang='lat' dir='ltr'>si</span> <span class='ocrx_word' id='word_1_166' title='bbox 887 1879 1136 1916; x_wconf 77' lang='lat' dir='ltr'>constanter</span> <span class='ocrx_word' id='word_1_167' title='bbox 1167 1876 1395 1917; x_wconf 74' lang='lat' dir='ltr'>insistatur</span> <span class='ocrx_word' id='word_1_168' title='bbox 1436 1877 1671 1919; x_wconf 87' lang='lat' dir='ltr'>defensioni</span> <span class='ocrx_word' id='word_1_169' title='bbox 1703 1880 1814 1920; x_wconf 80' lang='lat' dir='ltr'>veri-</span> 
     </span>
     <span class='ocr_line' id='line_1_25' title="bbox 413 1942 1813 2000; baseline 0.004 -18"><span class='ocrx_word' id='word_1_170' title='bbox 413 1942 516 1982; x_wconf 75' lang='lat' dir='ltr'>tatis</span> <span class='ocrx_word' id='word_1_171' title='bbox 558 1942 772 1997; x_wconf 67' lang='lat' dir='ltr'>praebebit</span> <span class='ocrx_word' id='word_1_172' title='bbox 816 1943 1029 1984; x_wconf 82' lang='lat' dir='ltr'>Dominus</span> <span class='ocrx_word' id='word_1_173' title='bbox 1078 1959 1203 1985; x_wconf 83' lang='lat' dir='ltr'>verus</span> <span class='ocrx_word' id='word_1_174' title='bbox 1255 1959 1365 2000; x_wconf 85' lang='lat' dir='ltr'>equo</span> <span class='ocrx_word' id='word_1_175' title='bbox 1405 1944 1717 1996; x_wconf 85' lang='lat' dir='ltr'>fortitudinem,</span> <span class='ocrx_word' id='word_1_176' title='bbox 1769 1951 1813 1988; x_wconf 90' lang='lat' dir='ltr'>et</span> 
     </span>
     <span class='ocr_line' id='line_1_26' title="bbox 413 2010 1811 2065; baseline 0.004 -15"><span class='ocrx_word' id='word_1_177' title='bbox 413 2010 700 2050; x_wconf 75' lang='lat' dir='ltr'>circumdabit</span> <span class='ocrx_word' id='word_1_178' title='bbox 751 2011 857 2051; x_wconf 80' lang='lat' dir='ltr'>collo</span> <span class='ocrx_word' id='word_1_179' title='bbox 912 2011 1004 2065; x_wconf 86' lang='lat' dir='ltr'>ejus</span> <span class='ocrx_word' id='word_1_180' title='bbox 1057 2012 1290 2063; x_wconf 86' lang='lat' dir='ltr'>hinnitum,</span> <span class='ocrx_word' id='word_1_181' title='bbox 1339 2016 1383 2054; x_wconf 86' lang='lat' dir='ltr'>et</span> <span class='ocrx_word' id='word_1_182' title='bbox 1434 2013 1662 2055; x_wconf 84' lang='lat' dir='ltr'>suscitabit</span> <span class='ocrx_word' id='word_1_183' title='bbox 1713 2030 1811 2056; x_wconf 89' lang='lat' dir='ltr'>eum</span> 
     </span>
     <span class='ocr_line' id='line_1_27' title="bbox 413 2078 1811 2137; baseline 0.004 -20"><span class='ocrx_word' id='word_1_184' title='bbox 413 2078 524 2118; x_wconf 88' lang='lat' dir='ltr'>sicut</span> <span class='ocrx_word' id='word_1_185' title='bbox 555 2078 752 2127; x_wconf 81' lang='lat' dir='ltr'>locustas,</span> <span class='ocrx_word' id='word_1_186' title='bbox 785 2082 836 2119; x_wconf 87' lang='lat' dir='ltr'>ut</span> <span class='ocrx_word' id='word_1_187' title='bbox 869 2082 1118 2120; x_wconf 85' lang='lat' dir='ltr'>contemnat</span> <span class='ocrx_word' id='word_1_188' title='bbox 1149 2094 1355 2135; x_wconf 80' lang='lat' dir='ltr'>pavorem</span> <span class='ocrx_word' id='word_1_189' title='bbox 1383 2095 1460 2121; x_wconf 90' lang='lat' dir='ltr'>nec</span> <span class='ocrx_word' id='word_1_190' title='bbox 1485 2081 1610 2122; x_wconf 87' lang='lat' dir='ltr'>cedat</span> <span class='ocrx_word' id='word_1_191' title='bbox 1637 2081 1784 2137; x_wconf 81' lang='lat' dir='ltr'>gladio</span> <span class='ocrx_word' id='word_1_192' title='bbox 1801 2099 1811 2134; x_wconf 87' lang='lat'>;</span> 
     </span>
     <span class='ocr_line' id='line_1_28' title="bbox 412 2145 1812 2199; baseline 0.006 -15"><span class='ocrx_word' id='word_1_193' title='bbox 412 2145 559 2199; x_wconf 83' lang='lat' dir='ltr'>procul</span> <span class='ocrx_word' id='word_1_194' title='bbox 594 2146 799 2186; x_wconf 83' lang='lat' dir='ltr'>odoretur</span> <span class='ocrx_word' id='word_1_195' title='bbox 831 2146 1003 2196; x_wconf 82' lang='lat' dir='ltr'>bellum,</span> <span class='ocrx_word' id='word_1_196' title='bbox 1027 2148 1353 2190; x_wconf 69' lang='lat' dir='ltr'>exhortationes</span> <span class='ocrx_word' id='word_1_197' title='bbox 1385 2149 1554 2199; x_wconf 84' lang='grc'>1111011111,</span> <span class='ocrx_word' id='word_1_198' title='bbox 1592 2152 1638 2191; x_wconf 89' lang='lat' dir='ltr'>et</span> <span class='ocrx_word' id='word_1_199' title='bbox 1671 2150 1812 2192; x_wconf 86' lang='lat' dir='ltr'>ulula-</span> 
     </span>
     <span class='ocr_line' id='line_1_29' title="bbox 413 2206 765 2254; baseline 0.006 -2"><span class='ocrx_word' id='word_1_200' title='bbox 413 2215 508 2253; x_wconf 88' lang='lat' dir='ltr'>tum</span> <span class='ocrx_word' id='word_1_201' title='bbox 541 2206 765 2254; x_wconf 68' lang='lat' dir='ltr'>exercitus.</span> 
     </span>
    </p>

    <p class='ocr_par' dir='ltr' id='par_1_5' title="bbox 413 2279 1811 2461">
     <span class='ocr_line' id='line_1_30' title="bbox 475 2279 1811 2341; baseline 0.004 -20"><span class='ocrx_word' id='word_1_202' title='bbox 475 2279 666 2334; x_wconf 81' lang='lat' dir='ltr'>Conjicio</span> <span class='ocrx_word' id='word_1_203' title='bbox 703 2296 759 2321; x_wconf 71' lang='lat' dir='ltr'>ex</span> <span class='ocrx_word' id='word_1_204' title='bbox 791 2281 858 2322; x_wconf 82' lang='lat' dir='ltr'>his</span> <span class='ocrx_word' id='word_1_205' title='bbox 901 2296 996 2336; x_wconf 76' lang='lat' dir='ltr'>quae</span> <span class='ocrx_word' id='word_1_206' title='bbox 1039 2283 1188 2324; x_wconf 86' lang='lat' dir='ltr'>audivi</span> <span class='ocrx_word' id='word_1_207' title='bbox 1222 2298 1278 2325; x_wconf 82' lang='lat' dir='ltr'>ex</span> <span class='ocrx_word' id='word_1_208' title='bbox 1319 2298 1390 2325; x_wconf 81' lang='lat' dir='ltr'>ore</span> <span class='ocrx_word' id='word_1_209' title='bbox 1432 2285 1544 2341; x_wconf 82' lang='lat' dir='ltr'>regis</span> <span class='ocrx_word' id='word_1_210' title='bbox 1580 2285 1696 2341; x_wconf 89' lang='lat' dir='ltr'>quod</span> <span class='ocrx_word' id='word_1_211' title='bbox 1727 2286 1811 2327; x_wconf 84' lang='lat' dir='ltr'>nisi</span> 
     </span>
     <span class='ocr_line' id='line_1_31' title="bbox 413 2347 1810 2407; baseline 0.006 -20"><span class='ocrx_word' id='word_1_212' title='bbox 413 2347 503 2388; x_wconf 85' lang='lat' dir='ltr'>vim</span> <span class='ocrx_word' id='word_1_213' title='bbox 536 2351 759 2402; x_wconf 83' lang='lat' dir='ltr'>pateretur</span> <span class='ocrx_word' id='word_1_214' title='bbox 797 2349 1021 2390; x_wconf 83' lang='lat' dir='ltr'>clementia</span> <span class='ocrx_word' id='word_1_215' title='bbox 1058 2351 1215 2405; x_wconf 79' lang='lat' dir='ltr'>regalis</span> <span class='ocrx_word' id='word_1_216' title='bbox 1247 2351 1302 2392; x_wconf 85' lang='lat' dir='ltr'>ab</span> <span class='ocrx_word' id='word_1_217' title='bbox 1332 2352 1613 2407; x_wconf 80' lang='lat' dir='ltr'>improbitate</span> <span class='ocrx_word' id='word_1_218' title='bbox 1644 2357 1810 2396; x_wconf 80' lang='lat' dir='ltr'>contra-</span> 
     </span>
     <span class='ocr_line' id='line_1_32' title="bbox 413 2416 1408 2461; baseline 0.006 -6"><span class='ocrx_word' id='word_1_219' title='bbox 413 2416 629 2456; x_wconf 82' lang='lat' dir='ltr'>stantium</span> <span class='ocrx_word' id='word_1_220' title='bbox 664 2417 770 2457; x_wconf 84' lang='lat' dir='ltr'>satis</span> <span class='ocrx_word' id='word_1_221' title='bbox 804 2417 848 2457; x_wconf 89' lang='lat' dir='ltr'>in</span> <span class='ocrx_word' id='word_1_222' title='bbox 882 2416 1056 2459; x_wconf 73' lang='lat' dir='ltr'>Christo</span> <span class='ocrx_word' id='word_1_223' title='bbox 1088 2418 1199 2459; x_wconf 83' lang='lat' dir='ltr'>foret</span> <span class='ocrx_word' id='word_1_224' title='bbox 1230 2418 1408 2461; x_wconf 81' lang='lat' dir='ltr'>serena.¹</span> 
     </span>
    </p>
   </div>
   <div class='ocr_carea' id='block_1_3' title="bbox 1054 2607 1154 2641">
    <p class='ocr_par' dir='ltr' id='par_1_6' title="bbox 1054 2607 1154 2641">
     <span class='ocr_line' id='line_1_33' title="bbox 1054 2607 1154 2641; baseline 0.01 -1"><span class='ocrx_word' id='word_1_225' title='bbox 1054 2608 1061 2626; x_wconf 94' lang='lat'>¹</span> <span class='ocrx_word' id='word_1_226' title='bbox 1089 2607 1154 2641; x_wconf 80' lang='lat' dir='ltr'>Sic.</span> 
     </span>
    </p>
   </div>
  </div>
 </body>
</html>
