1905 3180
670 234 904 267 EPISTOLAE.
1397 227 1484 274 227

92 351 252 394 divina}
299 351 503 394 resistant
535 352 760 394 vocationi.
836 352 1033 405 Qualiter
1064 356 1208 395 autem
1240 368 1328 395 non
1360 358 1485 410 puta-

91 420 211 461 bitur
254 419 465 461 divinitus
517 421 726 476 inspirata
774 422 951 470 vocatio,
1001 436 1129 476 quam
1182 437 1259 464 nec
1303 423 1485 465 ambitio

90 488 239 530 caduci
277 488 461 537 honoris,
495 503 574 530 nec
620 489 877 543 conquisitio
922 489 1080 530 nobilis
1127 489 1373 541 affluentiae,
1407 506 1485 533 nec

89 555 305 597 affectatio
341 556 606 611 voluptualis
637 556 837 605 lasciviae,
873 557 947 597 sed
980 557 1119 599 divini
1150 559 1338 599 nominis
1370 559 1486 600 exal-

88 624 208 672 tatiO,
233 624 307 665 sed
339 624 566 679 operandae
596 624 772 665 virtutis
802 624 1076 680 dispensatio,
1111 625 1185 666 sed
1211 626 1486 681 proficiendae

89 692 241 733 salutis
271 692 490 734 aemulatio
522 692 770 734 indubitata
800 692 885 733 fide
917 692 1171 734 conciliat?l
1246 693 1487 750 Eapropter

89 774 185 801 cum
229 774 305 815 per
350 760 478 815 regiae
523 760 791 802 celsitudinis
832 760 1105 803 clementiam
1149 761 1205 802 ad
1236 762 1488 817 requisitam

88 827 272 869 fratrum
304 828 652 878 insinuationem,
696 828 1017 871 recumbentem
1049 829 1096 870 in
1127 830 1362 871 novissimo
1394 830 1487 872 loco

87 896 351 952 nuptiarum,
386 897 441 938 ad
488 897 754 952 superiorem
796 896 1071 939 ecclesiastici
1120 898 1343 953 regiminis
1396 899 1487 955 api-

89 978 179 1006 cem
223 965 448 1006 miserator
491 965 734 1007 animarum
781 964 1043 1007 humilitatis
1086 969 1243 1008 vestrae
1291 966 1486 1008 devotio-

87 1047 186 1075 nem
209 1033 479 1084 evocaverit3
510 1033 714 1075 videlicet
746 1033 803 1075 ad
825 1033 1044 1075 ecclesiam
1066 1048 1154 1076 suae
1179 1033 1410 1077 Genitricis
1440 1036 1487 1076 in

89 1101 323 1156 municipio
372 1101 555 1143 Oxoniae
602 1101 849 1157 regendam,
905 1102 1139 1144 secundum
1194 1103 1311 1157 quod
1361 1103 1485 1145 vobis

88 1169 220 1210 fuerit
257 1169 428 1211 coelitus
460 1170 729 1225 aspiratum3
773 1184 848 1225 per
892 1169 1132 1212 salvificum
1177 1185 1367 1212 amorem
1410 1185 1487 1212 vos

87 1237 309 1286 admoneo,
332 1252 408 1293 per
435 1237 729 1279 beatissimam
761 1238 1097 1280 misericordiam
1129 1253 1206 1280 vos
1238 1239 1388 1288 invito,
1414 1254 1488 1295 per

86 1305 409 1348 formidandum
442 1320 623 1347 examen
654 1321 732 1347 vos
768 1306 933 1361 adjuro,
969 1310 1020 1348 ut
1051 1307 1264 1362 propulsis
1312 1306 1489 1362 quibus-

87 1388 269 1429 cumque
290 1374 579 1416 formidolosae
600 1373 973 1429 pusillanimitatis
997 1374 1296 1424 obtendiculis,
1311 1374 1488 1417 fiducia-

86 1442 187 1484 liter
233 1442 435 1484 ducatmn
480 1442 649 1483 inilitiae
694 1441 880 1484 coelestis
927 1442 1129 1493 subeatiS,
1160 1442 1317 1484 invicti
1356 1442 1488 1498 Regis

87 1510 318 1552 dumtaxat
362 1510 597 1552 innitentes
629 1510 879 1566 patrocinio,
927 1510 1002 1564 qui
1049 1510 1138 1551 ait:
1187 1510 1282 1551 “In
1323 1510 1487 1552 mundo

88 1583 111 1600 “
142 1593 382 1634 pressuram
404 1578 646 1628 habebitis3
676 1578 750 1620 sed
778 1577 993 1628 confidite,
1018 1579 1120 1634 quia
1149 1593 1227 1634 ego
1250 1578 1335 1620 vici
1361 1593 1487 1620 mun-

90 1652 111 1668 “
142 1647 282 1688 dum.'‘
328 1646 443 1698 Quid
465 1647 646 1689 etenim?
692 1646 899 1701 Unquam
923 1646 1118 1688 invenire
1140 1647 1300 1702 poterit
1322 1647 1487 1688 subter-

87 1715 254 1770 fugium
299 1714 555 1756 diffidentiae
589 1718 634 1756 et
668 1715 875 1770 probatus
906 1714 1077 1756 animus
1109 1715 1268 1769 peritia
1305 1714 1483 1764 doctior,

89 1787 132 1824 et
171 1783 431 1824 desiderium
461 1782 745 1832 rectitudinis,
779 1782 855 1823 ubi
899 1782 1099 1823 Christus
1132 1785 1175 1823 et
1214 1782 1296 1823 Dei
1333 1784 1484 1831 virtus,

88 1855 131 1892 et
161 1851 243 1891 Dei
275 1850 494 1905 sapientia,
538 1854 581 1891 et
616 1850 698 1891 Dei
735 1849 1028 1900 sanctificatio,
1067 1864 1110 1891 se
1142 1850 1372 1905 promittit,
1406 1850 1487 1891 sub

89 1921 215 1960 tanta
266 1918 593 1973 protestationis
644 1917 926 1969 firmitudine,
983 1917 1257 1959 ecclesiarum
1310 1932 1485 1959 suarum

87 1985 326 2027 rectoribus
358 1985 597 2027 affuturum
628 1999 764 2040 usque
794 1986 841 2025 in
866 1984 1013 2027 saeculi
1041 1986 1488 2027 consummationem?

90 2053 186 2096 Scio
210 2053 413 2108 quoniam
435 2054 480 2094 in
502 2054 580 2094 hac
601 2056 723 2108 parte
745 2053 873 2094 rebus
900 2056 1040 2095 tantae
1070 2053 1358 2109 reputationis
1391 2068 1487 2095 con-

87 2121 252 2163 sultum
299 2135 387 2162 esse
430 2136 519 2163 non
556 2121 717 2176 poterit
763 2121 847 2161 nisi
890 2121 1078 2163 consiliis
1124 2121 1385 2163 salutaribus
1421 2135 1487 2163 ac-

89 2190 354 2245 quiescentes
398 2189 453 2230 ad
500 2188 851 2231 informationem
893 2189 1004 2239 cleri,
1053 2190 1108 2230 ad
1153 2189 1485 2231 aedificationem

88 2258 243 2313 populi,
292 2257 347 2298 ad
398 2257 688 2312 exemplarem
739 2257 1040 2298 universorum
1088 2257 1484 2307 sanctificationem,

88 2329 178 2367 tam
224 2324 444 2375 celebrem,
488 2328 580 2366 tam
627 2324 914 2380 spectabilem,
960 2328 1052 2366 tam
1096 2325 1325 2367 amabilem
1372 2340 1485 2367 curae

89 2393 272 2436 coelestis
332 2393 754 2435 administrationem
816 2393 1048 2435 admittere
1110 2408 1199 2435 non
1260 2393 1484 2435 differatis.

91 2461 230 2513 Quam
276 2461 537 2503 horrendum
583 2462 739 2503 merito
773 2461 938 2503 cunctis
981 2461 1148 2503 saeculis
1185 2461 1484 2511 arbitrabitur,

90 2530 126 2571 si
155 2529 422 2585 temporibus
456 2529 823 2585 periculosissimis
860 2529 1028 2570 animas
1060 2529 1228 2571 coelitus
1265 2529 1388 2570 vobis
1419 2544 1485 2570 as-

91 2598 280 2653 signatas
312 2612 388 2653 per
419 2601 575 2639 vestrae
607 2597 899 2646 recusationis
935 2597 1051 2652 quod
1094 2597 1217 2646 absit,
1252 2597 1483 2653 ignaviam,

89 2665 327 2708 bestiarum
356 2666 514 2722 exponi
540 2665 774 2721 contigerit
806 2665 1108 2707 devorationi?
1159 2665 1322 2706 Annon
1351 2679 1485 2720 quan-

623 2870 630 2889 ¹
643 2868 817 2907 consciliat,
830 2869 904 2904 MS,

1223 2923 1306 2963 ΡΞ
