1905 3180
651 227 885 256 EPISTOLAE.
1383 218 1401 256 1
1414 217 1463 256 21

70 341 309 383 destitutus
363 343 606 396 praesentia,
661 346 712 384 ut
760 343 892 397 juxta
935 343 1198 397 superiorem
1240 342 1469 384 sententiae

69 411 226 450 vestrae
277 408 440 458 seriem,
494 413 572 451 aut
625 410 883 466 solivagium
935 410 1056 451 bruti
1108 410 1331 459 fateamur,
1393 413 1471 450 aut

69 490 303 531 queramur
343 477 502 519 aniime
549 478 766 519 taedium?
844 477 1064 520 Czeterum
1117 478 1241 518 cedat
1293 477 1469 518 interim

68 544 240 585 obsecro
275 544 448 586 dilectio
485 545 657 595 rationi,
698 549 742 587 et
783 545 988 587 conceda-t
1029 545 1251 600 provisiva
1300 546 1471 600 dispen-

66 611 248 653 sationis
281 615 441 654 vestrae
495 613 706 669 dignatio,
749 617 800 654 ut
846 613 1216 669 proficiscentibus
1258 613 1383 653 vobis
1426 613 1470 653 111

66 679 218 720 salutis
253 681 549 735 operationem
592 681 647 721 ad
683 686 830 736 partes
863 680 1181 735 septentrionis,
1216 681 1472 736 exiguitatis

66 762 183 796 meze,
238 751 369 803 prout
421 748 554 790 fuerit
610 749 801 804 propitia
843 748 1064 797 divinitas,
1124 748 1180 788 ad
1227 748 1470 803 profectum

65 815 287 856 interioris
338 816 526 857 hominis
562 816 692 857 homo
736 819 864 857 vacet
908 817 1110 864 exterior,
1147 820 1191 857 et
1234 831 1259 857 a
1303 815 1471 870 placida

67 882 378 924 dominationis
409 887 566 926 vestrae
598 884 772 939 pietate,
807 884 886 926 hoc
917 898 995 939 pro
1032 884 1250 939 praecipuo
1279 884 1471 924 muneris

65 950 273 992 beneficio
315 951 466 992 eximii
509 952 750 1007 suscipiam.
813 952 1050 1008 Aspirante
1093 951 1252 1007 quippe
1303 951 1471 1007 Spiritu

66 1017 227 1060 Sancto
257 1019 537 1074 prfesentiam
569 1020 841 1075 spiritualem
873 1019 1104 1075 corporalis
1133 1020 1330 1060 absentia
1360 1034 1472 1060 nun-

66 1100 197 1141 quam
230 1087 396 1128 valebit
428 1087 670 1129 excludere.
742 1086 899 1143 Cogito
931 1103 999 1128 me
1032 1088 1077 1128 in
1108 1087 1248 1129 locum
1282 1087 1469 1142 aliquem

65 1157 320 1210 opportunae
369 1154 707 1209 tranquillitatis
761 1154 1004 1205 transferre,
1054 1169 1277 1209 quousque
1326 1153 1467 1195 111-1111Ι

66 1222 374 1263 moderaminis
417 1236 560 1277 sospes
602 1222 865 1278 prosperitas
917 1237 993 1264 vos
1039 1223 1265 1263 reduxerit
1308 1222 1470 1263 ibidem

68 1304 331 1332 mansurum.
377 1289 480 1330 Non
512 1290 660 1345 pigeat
702 1304 852 1345 precor
893 1304 1020 1345 super
1061 1290 1128 1330 his
1163 1290 1279 1344 quod
1324 1292 1470 1330 vestro

65 1357 226 1398 sederit
257 1357 529 1412 beneplacito
560 1361 612 1398 ut
644 1356 854 1398 noveritis
887 1361 931 1398 et
961 1357 1191 1398 volueritis
1223 1357 1454 1398 insinuare.

126 1424 267 1476 Quam
304 1424 594 1479 periculosum
624 1424 708 1465 erit
744 1425 791 1464 ni
823 1424 949 1465 fallor
985 1425 1021 1464 si
1054 1438 1142 1465 non
1179 1424 1235 1464 ad
1263 1424 1470 1465 honorem

65 1491 219 1533 Divini
261 1492 460 1541 nominis,
497 1495 541 1533 et
578 1492 781 1534 humanae
814 1492 967 1533 salutis
999 1492 1327 1541 incrementum,
1363 1492 1471 1533 arti-

64 1559 181 1601 culos
209 1560 305 1601 illos
334 1574 561 1615 personam
591 1564 793 1609 vestram,
818 1559 1042 1601 ecclesiam
1066 1563 1266 1610 vestram,
1292 1559 1469 1601 domum

64 1630 267 1679 vestram,
306 1627 516 1683 populum
557 1631 752 1669 vestrum
789 1628 1103 1683 contingentes,
1143 1642 1271 1683 super
1313 1628 1471 1683 quibus

64 1709 204 1750 nuper
255 1695 455 1736 habitum
510 1699 575 1737 est
630 1696 901 1751 colloquium,
937 1699 1095 1737 vestr-ee
1149 1696 1470 1737 disertitudinis

64 1762 224 1804 validae
255 1763 437 1804 virtutis
469 1763 732 1804 auctoritate
774 1763 830 1803 ad
861 1763 1064 1804 salutaris
1096 1763 1242 1804 exitus
1274 1778 1470 1804 consum-

64 1830 317 1882 mationem,
361 1830 454 1872 sine
500 1831 734 1886 cujuslibet
776 1845 908 1872 morae
954 1831 1191 1885 dispendio,
1236 1831 1468 1886 perducere

64 1897 403 1952 vigilantissime
439 1898 660 1954 satagatis.
737 1898 924 1939 Praestet
960 1911 1035 1939 oro
1077 1897 1203 1939 vobis
1237 1898 1468 1939 altissimi²

65 1964 150 2006 Dei
201 1965 505 2020 patrocinium,
563 1965 815 2021 praesidium
867 1965 1147 2020 Angelorum,
1207 1966 1467 2008 Sanctorum

65 2032 346 2087 adjutorium,
404 2032 661 2088 suffragium
718 2037 1099 2083 sacramentorum,
1144 2037 1293 2075 contra
1344 2035 1466 2075 saevi-

64 2099 184 2140 entia
235 2099 522 2142 formidandae
584 2100 875 2156 malignitatis
936 2101 1173 2153 molimina,
1226 2102 1282 2143 ad
1343 2102 1466 2142 illum

63 2167 195 2208 finem
228 2167 432 2208 universa
463 2168 712 2209 sanctitatis
760 2182 890 2223 opera
930 2168 1099 2220 referre,
1132 2169 1209 2210 ubi
1251 2173 1316 2211 est
1347 2169 1466 2211 Deus

65 2234 211 2275 omnia
242 2234 288 2275 in
325 2234 525 2276 omnibus
557 2236 805 2278 {eternitate
836 2239 955 2278 certa
985 2240 1030 2278 et
1060 2251 1163 2292 pace
1195 2238 1396 2293 perfecta.

126 2301 243 2354 Quid
274 2301 358 2344 sibi
390 2302 547 2344 volunt
578 2306 801 2359 pastorum
843 2304 977 2355 cunei,
1011 2318 1108 2346 cum
1151 2305 1466 2360 conspiratione
1485 2322 1556 2354 The
1572 2323 1687 2354 Pasto-

64 2370 324 2425 populorum
379 2369 550 2419 clerum,
605 2374 656 2412 ut
708 2371 919 2423 audimus,
974 2372 1019 2412 111
1074 2386 1205 2427 regno
1269 2373 1465 2416 Francize
1485 2376 1594 2398 reaux.

65 2437 277 2478 effrenata
317 2437 437 2479 rabie
477 2439 777 2493 pervadentes,
812 2453 901 2480 non
931 2439 1022 2480 sine
1064 2443 1241 2495 stupore
1282 2441 1465 2497 cogitari

62 2508 208 2560 potest
256 2505 368 2547 sicut
408 2520 513 2547 reor.
603 2507 670 2548 Dc
722 2507 879 2562 quibus
929 2522 1128 2562 expresse
1171 2522 1261 2550 non
1311 2509 1462 2560 scribo,

63 2572 295 2627 conjiciens
338 2573 454 2629 quod
491 2574 547 2615 ad
580 2574 780 2616 auditum
822 2578 1018 2616 vestrum
1051 2575 1204 2617 relatio
1239 2579 1330 2617 tam
1368 2577 1463 2618 hor-

64 2640 200 2681 renda
234 2641 497 2696 pervenerit.

110 2803 244 2846 ¹fr9n1',
269 2805 343 2838 MS.
761 2805 768 2851 ι
831 2809 842 2827 ²¹
858 2805 1041 2848 altissimus,
1067 2806 1140 2840 MS.
