1905 3180
668 234 903 266 EPISTOLAE.
1397 225 1475 266 2121

82 355 132 393 ut
163 350 297 392 vestri
330 350 464 391 fretus
510 351 764 392 discretione
797 352 1007 392 benevola
1044 351 1232 406 gaudeat
1265 365 1307 392 se
1340 351 1480 406 propi-

81 420 144 460 tia
166 419 396 460 divinitate
419 432 546 473 super
568 433 643 459 suo
665 419 963 460 molestamine
990 422 1226 473 reportasse
1253 419 1453 459 solatium
1473 435 1482 469 3

82 490 126 528 et
157 487 193 527 si
224 500 391 527 necesse
439 487 495 527 sit
527 490 570 527 et
617 501 766 542 rogare
798 486 925 527 liceat
976 485 1253 541 interpellata
1296 486 1482 529 dominae

80 555 239 610 reginae
271 554 507 596 clementia.
571 554 736 604 Valeat,
770 558 845 597 eto,

726 694 842 737 CXI.

199 783 399 827 Domino
428 784 473 827 J.
506 784 558 826 cle
591 783 806 827 Οναῖυἷιαίθ
836 783 997 826 Frater
1026 783 1134 826 Ache
1165 784 1368 827 salutem.

143 869 289 919 Doleo,
324 870 384 910 mi
431 869 799 919 desideratissime,
834 870 949 925 quod
981 884 1078 912 cum
1119 871 1295 912 amabili
1326 874 1483 914 vestrae
1505 875 1628 925 Ontthe

82 937 365 993 benignitatis
421 937 636 978 industria
682 938 929 979 conferendi
987 937 1237 979 facultatem
1283 940 1485 994 angustia
1502 921 1669 996 {lffiffiff

82 1005 287 1060 temporis
310 1005 481 1046 ademit.
536 1004 623 1046 Sed
645 1005 778 1059 quid?
812 1005 963 1046 Finem
988 1006 1256 1060 colloquendi
1278 1007 1352 1061 qui
1373 1007 1485 1049 foret
1502 1009 1618 1054 nistry.

82 1073 321 1114 audiamus.
403 1073 564 1127 “Opus
600 1072 666 1114 fac
699 1073 1004 1128 Evangelistae,
1038 1074 1326 1115 ministerium
1358 1078 1484 1117 tuum

85 1146 106 1162 “
139 1141 299 1196 imple3
332 1140 498 1181 sobrius
529 1140 657 1181 esto.”
710 1140 768 1182 Et
800 1141 906 1196 quid
939 1144 1003 1183 est
1034 1142 1170 1183 facere
1202 1156 1308 1197 opus
1341 1143 1485 1185 Evan-

82 1208 261 1264 gelistae‚
293 1207 377 1248 nisi
408 1211 458 1249 ut
488 1208 774 1249 annuntiator
803 1208 955 1250 salutis
987 1209 1103 1264 quod
1134 1208 1324 1251 veritas¹
1361 1210 1485 1252 docet

84 1276 162 1317 hoc
206 1275 431 1317 confirmet
477 1275 652 1330 pietatis
684 1277 911 1331 exemplo?
973 1276 1030 1317 Et
1081 1277 1185 1330 quid
1230 1280 1293 1318 est
1341 1277 1485 1318 Evan—

82 1343 248 1399 gelistae
270 1343 559 1384 ministerium
588 1343 776 1398 implere,
800 1343 882 1384 nisi
904 1358 980 1399 per
1006 1344 1225 1385 vivificam
1247 1359 1486 1386 sacramen-

83 1415 228 1453 torum
260 1411 625 1467 dispensationem
668 1425 901 1466 perennem
945 1411 1188 1452 animarum
1234 1412 1373 1453 vitam
1422 1428 1485 1455 re-

81 1478 295 1520 formare?
346 1478 405 1520 Et
436 1478 541 1533 quid
581 1478 772 1519 sobrium
802 1493 903 1529 esse,
929 1479 1013 1519 nisi
1042 1482 1086 1520 et
1117 1479 1325 1521 caducum
1354 1480 1486 1521 hono-

81 1561 183 1597 rem,
207 1550 251 1589 et
281 1546 483 1587 mobilem
515 1544 793 1596 affluentiam,
817 1550 861 1587 et
891 1547 1184 1603 contagiosam
1214 1548 1486 1603 voluptatem

84 1614 403 1655 mundanorum
463 1614 708 1655 conculcare
746 1613 923 1669 jugiter,
973 1618 1017 1656 et
1068 1629 1144 1670 per
1190 1616 1485 1658 sanctimoniae

85 1682 344 1723 desiderium
375 1682 422 1722 in
467 1681 703 1737 simplicem
735 1682 981 1737 puritatem,
1030 1682 1076 1722 111
1107 1682 1331 1738 limpidam
1364 1684 1486 1725 clari-

84 1753 232 1798 tatem,
262 1750 309 1790 in
335 1749 568 1804 perfectam
594 1749 917 1803 jucunditatem
939 1749 1178 1790 coelestium
1205 1751 1486 1792 conscendere

86 1816 360 1857 sublimiter?
433 1815 661 1870 Numquid
694 1816 820 1856 aliter
863 1816 1179 1857 sanctissimum
1228 1818 1486 1872 evangelicae

86 1883 319 1925 sanctionis
351 1882 548 1933 officium,
572 1883 647 1937 qui
676 1883 899 1938 regiminis
931 1883 1203 1925 ecclesiastici
1225 1885 1487 1939 superiorem

87 1952 227 1992 locum
272 1954 337 1991 est
382 1953 611 1999 assecutus,
646 1949 918 2004 aliquatenus
949 1951 1250 1992 administrare
1293 1952 1489 1993 valebit?

86 2018 386 2072 Nequaquam.
441 2017 553 2058 Luce
576 2017 729 2058 clarius
761 2017 840 2059 hoc
868 2021 1038 2059 constat
1068 2018 1281 2060 universis
1312 2024 1488 2075 praeter-

86 2100 216 2141 quam
248 2085 431 2127 coelestis
463 2084 696 2126 sanctuarii
722 2085 1029 2140 pervasoribus,
1062 2100 1178 2140 quos,
1208 2087 1317 2142 proh
1339 2087 1486 2130 dolor!

86 2153 154 2195 his
215 2153 368 2194 diebus
435 2153 642 2208 pessimis,
706 2153 926 2208 potissime
1002 2154 1236 2194 secundum
1316 2155 1489 2196 terribi-

86 2221 171 2262 lem
226 2219 425 2275 Apostoli
466 2219 739 2268 sententiam,
790 2220 907 2261 Deus
938 2219 1066 2274 hujus
1113 2222 1257 2263 saeculi
1304 2236 1489 2264 011οῑ0011-

86 2288 184 2339 vit3
234 2287 353 2328 illam
413 2302 585 2342 prorsus
632 2302 762 2342 quam
805 2302 946 2329 coram
1005 2289 1230 2330 tremendo
1281 2290 1489 2332 tribunali

89 2360 181 2397 tam
212 2356 424 2411 solempni
468 2355 728 2411 professione
756 2356 961 2410 jurarunt
993 2356 1264 2398 ecclesiarum
1297 2362 1489 2413 pastores

91 2437 238 2465 curam
293 2423 503 2479 pastionis
568 2423 628 2465 sic
683 2423 916 2464 dumtaxat
978 2424 1134 2479 exequi
1176 2428 1393 2480 poterunt,
1455 2427 1489 2467 si

91 2505 188 2532 cum
234 2490 296 2531 eis
341 2504 437 2545 quae
481 2491 714 2546 praemissae
759 2494 871 2539 sunt,
916 2494 1199 2533 memoratam
1243 2492 1490 2534 sobrietatis

91 2558 274 2599 formam
317 2572 486 2599 summa
529 2572 700 2599 servare
744 2558 990 2600 studuerint
1042 2559 1276 2615 diligentia.
1364 2559 1490 2600 Certe

92 2625 205 2666 solus
235 2625 305 2667 1110
336 2628 402 2667 est
433 2625 585 2667 modus
616 2640 692 2682 per
735 2640 863 2680 quem
907 2626 1177 2668 auctoritatis
1209 2627 1370 2669 divinae
1408 2627 1491 2667 dis-

647 2816 655 2835 ¹
682 2815 781 2847 verita
789 2815 838 2854 tis,
855 2815 928 2848 MS.
