1905 3180
525 249 584 279 DE
614 249 831 283 ADVENTU
862 253 1089 285 MiNonUM.
1452 251 1506 290 23

104 355 275 397 audivit
326 356 611 401 confessiones
668 364 713 403 ct
776 362 1036 405 confortavit
1091 378 1177 405 11011
1230 365 1504 408 mediocriter

104 424 324 480 populum.

1582 367 1614 398 A
1628 369 1670 400 J).

1547 414 1706 448 1225-50.

162 494 330 551 Itaque,
387 499 438 539 ut
489 497 609 554 prius
661 499 827 543 dictum
880 505 958 554 est,
996 505 1228 559 postquam
1281 509 1714 553 veneruntFullaymo

99 562 254 606 fratres
295 564 342 606 in
376 565 597 622 Angliam,
635 569 758 611 venit
802 574 846 612 et
882 570 972 626 ipse
991 586 1000 622 3
1052 575 1096 613 et
1132 575 1224 613 tam
1261 573 1307 614 in
1341 576 1497 630 praedi-

98 631 344 675 cationibus
386 649 518 689 quam
567 636 614 677 in
651 637 1035 693 disputationibus,
1089 643 1134 681 et
1185 642 1398 697 praecipue
1449 644 1496 684 in

96 701 377 755 praelatorum
437 704 585 746 favore
641 705 877 761 plurimum
929 706 1202 763 simplicitati
1253 710 1494 765 primorum

94 768 280 811 fratrum
309 771 506 813 contulit.
570 772 677 814 Fuit
714 774 829 815 enim
859 774 924 815 ita
948 775 1166 830 gratiosus
1199 779 1243 818 et
1279 778 1496 833 eloquens,

92 842 143 879 ut
174 838 307 880 etiam
339 840 675 883 adversantibus
709 842 865 883 Ordini
896 846 1046 899 gratus
1079 848 1122 886 et
1154 849 1352 901 acceptus
1384 848 1495 889 exis-

92 908 215 949 teret.
310 907 442 950 Unde
493 910 634 965 primo
686 913 829 952 custos
888 911 1092 964 Parisius,
1145 917 1297 968 postea
1358 916 1492 957 lector

92 973 289 1028 Turonis,
342 980 387 1019 et
440 977 659 1030 Bononiae,
714 982 758 1021 et
811 979 984 1032 Paduae,
1048 981 1214 1037 positus
1266 987 1339 1025 est.
1434 984 1490 1025 In

87 1042 352 1099 legationem
383 1060 553 1102 quoque
585 1047 633 1088 in
666 1047 875 1089 Graeciam
908 1048 964 1090 ad
995 1048 1040 1090 N
1042 1049 1242 1102 atatium,
1277 1066 1364 1092 una
1391 1067 1489 1093 cum

87 1111 214 1154 bonae
259 1114 478 1157 memoriae
526 1115 679 1157 Fratre
732 1115 961 1172 Radulpho
1014 1117 1066 1158 de
1119 1118 1277 1168 Remis,
1330 1135 1356 1161 a
1407 1121 1490 1175 pize

88 1181 306 1225 memoriae
357 1182 478 1239 Papa
522 1183 730 1239 Gregorio
773 1185 928 1226 missus
973 1188 1050 1227 est.
1134 1186 1334 1228 Fratrem
1388 1189 1493 1230 Gre-

84 1249 257 1305 gorium
284 1251 335 1292 de
365 1251 551 1308 Neapoli
578 1252 768 1294 Parisius
801 1252 1055 1294 Ministrum
1089 1254 1295 1306 Franciae,
1324 1257 1493 1298 meritis

86 1319 174 1359 suis
206 1319 495 1375 exigentibus,
528 1335 555 1361 a
596 1320 839 1362 ministerio
876 1321 978 1362 fecit
1016 1322 1236 1371 amoveri3
1287 1326 1332 1364 et
1367 1323 1489 1378 justo

85 1386 168 1428 Dei
204 1387 384 1443 judicio,
423 1388 577 1430 solutis
619 1389 686 1430 his
723 1403 830 1444 quos
861 1389 952 1444 ipse
994 1389 1214 1431 immerito
1252 1391 1488 1433 incarcera-

83 1458 221 1507 verat,
253 1455 357 1498 fecit
402 1456 672 1499 incarcerari.
737 1457 937 1499 Fratrem
976 1472 1147 1513 quoque
1181 1459 1371 1511 Heliam,
1412 1461 1487 1515 qui

83 1523 286 1566 Minister
333 1524 560 1567 Generalis
607 1528 713 1577 erat,
761 1529 939 1581 propter
980 1526 1184 1567 scandala
1233 1542 1330 1582 quse
1371 1528 1483 1580 fecit,

79 1596 125 1634 et
178 1593 461 1649 tyrannidem
513 1609 645 1649 quam
690 1593 736 1636 in
788 1594 997 1635 zelatores
1050 1594 1230 1636 Ordinis
1277 1597 1482 1648 exercuit,

79 1661 125 1703 in
179 1661 386 1718 Angliam
438 1662 577 1704 socius
632 1662 843 1719 [missus]‚
907 1662 955 1703 in
1006 1663 1285 1718 przcsentiam
1347 1665 1483 1720 patris

78 1730 217 1772 nostri
269 1731 399 1787 Papae
451 1730 651 1787 Gregorii
703 1730 1038 1786 appellantibus,
1092 1735 1350 1786 procurante
1418 1748 1479 1784 eo,

77 1801 229 1840 eontra
284 1799 428 1855 ipsum
479 1798 678 1855 plurimis
729 1799 977 1854 provinciis,
1030 1799 1140 1841 miro
1194 1800 1278 1840 Dei
1330 1801 1478 1843 favore

76 1867 324 1924 prodeJecit.
390 1867 499 1919 Quis
540 1882 643 1909 vero
678 1866 731 1908 de
765 1866 852 1907 suis
886 1865 1054 1908 meritis
1089 1882 1347 1922 presumere,
1382 1869 1478 1923 quis

76 1935 128 1977 de
160 1951 204 1978 se
235 1939 359 1978 tutus
391 1950 479 1977 esse
511 1935 658 1991 possit,
698 1949 795 1976 cum
826 1934 938 1976 tales
969 1949 1174 1990 personas
1215 1935 1271 1976 ad
1303 1939 1474 1978 tantam

74 2004 369 2047 calamitatem
403 2003 627 2045 devenisse
665 2003 898 2059 cognovit?
966 2003 1074 2054 Quis
1112 2003 1228 2044 6111111
1264 2004 1473 2060 Gregorio

73 2072 119 2113 111
170 2072 478 2128 praedicatione
523 2072 595 2113 vel
644 2071 909 2127 praelatione,
956 2070 1002 2112 in
1046 2071 1348 2114 Universitate
1394 2074 1472 2114 Pa-

72 2141 201 2183 risius
238 2141 307 2183 vel
338 2140 450 2182 clero
487 2139 625 2181 totius
663 2139 699 2180 F
701 2139 859 2181 ranciae
891 2139 1226 2195 comparabilis?
1290 2141 1396 2192 Quis
1424 2142 1470 2182 in

73 2209 275 2251 universo
327 2207 675 2251 Christianitatis
726 2207 828 2249 orbe
879 2207 949 2248 vel
1009 2208 1242 2263 gratiosior
1283 2209 1354 2250 vel
1410 2209 1471 2251 fa-

72 2277 233 2319 mosior
275 2292 406 2333 quam
444 2276 629 2318 Helias?
691 2275 750 2318 Et
781 2279 931 2317 tamen
962 2290 1075 2317 unus
1103 2276 1151 2317 in
1182 2277 1267 2318 fine
1309 2279 1470 2319 meruit

69 2349 329 2403 perpetuum
375 2359 598 2398 carcerem,
651 2344 761 2386 alius
802 2347 980 2400 propter
1030 2344 1375 2386 inobedientiam
1424 2350 1468 2388 et

69 2413 332 2470 apostasiam
364 2429 488 2456 suam
516 2413 674 2455 summi
704 2412 930 2454 Pontificis
962 2413 1466 2458 excommunicationem.

71 2483 321 2538 Utrumque
368 2485 518 2524 tamen
559 2482 639 2524 hoc
689 2495 782 2523 sero
824 2481 1046 2537 poenituit.

127 2551 264 2593 Venit
294 2553 443 2592 autem
474 2565 572 2592 611111
596 2549 750 2591 Fratre
772 2549 1006 2605 Haymone
1038 2550 1085 2591 in
1107 2549 1315 2606 Angliam
1339 2550 1463 2593 bona}

68 2619 287 2662 memoriae
321 2619 478 2660 Frater
505 2618 748 2660 Willelmus
781 2618 833 2659 de
868 2618 1064 2670 Colville,
1098 2619 1251 2669 senior,
1283 2634 1462 2661 summae

66 2687 360 2744 simplicitatis
400 2689 445 2728 et
487 2686 660 2728 eximiae
701 2686 897 2727 caritatis
945 2686 1014 2727 vir
1024 2703 1034 2738 3
1096 2687 1216 2742 cujus
1256 2701 1459 2742 germana

66 2756 342 2812 postmodum
374 2754 421 2796 in
452 2755 627 2797 ecclesia
658 2753 897 2795 cathedrali
931 2753 1135 2808 Cycestrc
1157 2769 1235 2809 pro
1257 2755 1458 2795 castitate

64 2824 278 2866 servanda
318 2822 552 2866 saevissime
587 2822 794 2878 jugulata
835 2824 909 2863 est.
987 2821 1172 2864 Juvenis
1214 2822 1326 2863 6111111
1366 2822 1458 2877 qui-

1515 555 1553 584 of
1561 555 1681 588 Faver-

1514 598 1617 632 sliam.
