1905 3180
404 243 460 284 98
877 245 982 278 ΑΒΕ
1014 244 1075 276 DE
1105 243 1302 276 MAR1sco

403 366 670 426 praesentati,
726 365 831 421 quid
885 363 1005 405 aliud
1068 366 1170 419 aget
1223 362 1285 418 pii
1342 360 1602 418 praesulatus
1649 361 1798 401 sancta

403 436 660 487 sollicitudo,
693 448 825 490 quam
861 435 912 475 ut
944 446 1021 488 per
1055 430 1288 473 sollicitam
1330 429 1571 472 coelestium
1612 426 1799 482 eloquio-

403 520 501 547 rum
543 502 904 551 exhortationem,
952 499 1126 541 anxiori
1172 498 1415 555 diligentia,
1467 499 1640 552 satagat
1688 494 1798 543 illos,

401 573 565 630 eripere
602 572 656 613 de
690 572 908 627 potestate
941 568 1222 611 tenebrarum
1254 565 1546 608 mundialium
1579 567 1623 606 et
1656 566 1800 606 trans-

399 642 509 684 ferre
542 641 590 682 in
626 653 809 695 regnum
847 636 952 678 Filii
986 635 1230 678 dilectionis
1271 638 1456 677 aeternae.
1520 631 1651 675 Absit
1673 646 1699 673 a
1729 644 1798 672 me

398 724 476 766 pro
509 723 559 750 ea
602 722 733 763 quam
780 706 932 748 dicunt
974 704 1246 761 promotione
1276 702 1504 759 praesentis
1534 698 1798 758 praesentati,

398 781 477 819 aut
538 776 640 818 talis
701 774 1005 829 cujuscunque,
1067 772 1113 813 in
1186 785 1314 813 causa
1375 770 1517 820 simili,
1580 766 1800 825 pontificis

397 845 676 901 interpellere
719 842 996 898 aliquatenus
1042 839 1382 891 auctoritatem3
1434 838 1503 880 cui
1540 839 1654 879 certe
1697 835 1800 876 licet

397 928 525 970 super
568 913 647 954 1100
690 910 948 953 sollicitatus
991 908 1178 960 fuissem,
1226 908 1355 964 plane
1391 921 1487 948 sum
1517 905 1798 962 protestatus,

398 981 515 1037 quod
556 993 833 1034 nequaquam
873 992 950 1033 pro
998 991 1060 1029 eo,
1110 991 1189 1019 nec
1243 989 1320 1031 pro
1365 988 1584 1031 quoquam
1629 973 1676 1014 in
1718 971 1799 1013 hac

397 1052 522 1106 parte
565 1047 823 1104 petitionem
866 1045 1145 1101 porrigerem,
1190 1058 1319 1099 quem
1364 1057 1452 1084 non
1494 1054 1800 1099 praesumerem

397 1115 718 1159 rationabiliter
743 1128 865 1170 posse
891 1113 999 1155 scire
1025 1116 1070 1154 et
1095 1112 1218 1162 velle,
1241 1111 1478 1153 secundum
1504 1107 1801 1151 immutabilia

399 1185 602 1227 salutaris
636 1182 854 1238 evangelii
895 1182 1078 1232 decreta,
1112 1180 1342 1236 operandae
1382 1179 1536 1221 salutis
1577 1178 1625 1219 in
1670 1175 1800 1219 susci-

399 1244 568 1310 piendis
595 1251 834 1301 animabus,
863 1249 997 1305 juxta
1025 1248 1146 1305 pium
1178 1247 1408 1304 pastoralis
1435 1246 1564 1289 officii
1594 1245 1800 1302 regimen,

403 1320 616 1362 indefesso
648 1318 1002 1375 superintendere
1035 1316 1286 1373 patrocinio.
1349 1315 1594 1358 Praesertim
1627 1328 1725 1356 cum
1753 1313 1802 1353 in

400 1388 639 1445 periculum
659 1386 746 1428 mei
772 1386 928 1442 capitis
953 1386 1032 1427 hoc
1058 1385 1267 1436 facerem3
1294 1387 1339 1426 et
1363 1385 1475 1426 sicut
1496 1382 1803 1425 indubitanter

401 1455 629 1507 affirmavi,
659 1457 818 1496 vestra}
862 1453 1111 1495 sanctitatis
1162 1453 1407 1495 reverentia
1450 1455 1603 1494 contra
1652 1464 1802 1492 causas

402 1523 631 1567 salvatoris
665 1537 786 1578 aeque
819 1522 1138 1577 supplicantem
1169 1521 1377 1576 suscipiat
1406 1524 1450 1562 et
1482 1521 1801 1576 provocantem.

402 1594 745 1647 Verumptamen
776 1590 856 1631 1100
882 1589 988 1631 satis
1013 1592 1161 1639 terret,
1198 1589 1315 1645 quod
1341 1588 1378 1630 si
1406 1589 1489 1630 iste
1522 1588 1634 1629 sicut
1662 1587 1801 1628 eidem

401 1660 527 1711 suasi,
546 1674 572 1700 a
593 1674 681 1701 suae
703 1657 1051 1714 praesentationis
1072 1656 1211 1698 vocali
1234 1657 1333 1711 jure
1355 1656 1538 1707 recedat,
1563 1670 1671 1707 cum,
1694 1655 1803 1711 proh

402 1729 552 1770 dolor!
587 1730 703 1769 terra
732 1726 837 1767 data
866 1725 924 1766 sit
952 1726 998 1766 in
1027 1740 1183 1767 manus
1220 1725 1471 1780 impiorum,
1503 1738 1580 1779 per
1606 1723 1802 1764 homines

402 1797 503 1838 seris
538 1795 739 1836 omnibus
771 1793 1047 1834 immaniores
1084 1793 1130 1834 111
1178 1793 1355 1844 animas,
1390 1796 1434 1834 et
1466 1791 1803 1833 insensibiliores

404 1864 569 1906 cunctis
616 1862 835 1918 lapidibus
873 1861 928 1902 ad
972 1861 1232 1916 spiritualia,
1271 1875 1421 1916 greges
1467 1859 1672 1901 dominici
1706 1860 1804 1901 uni-

404 1932 541 1974 versis
573 1930 736 1981 bestiis,
783 1933 875 1971 tam
920 1930 1014 1985 agri
1059 1944 1189 1985 quam
1236 1929 1385 1981 saltus,
1433 1932 1705 1985 exponentur
1747 1929 1804 1970 ad

407 1999 713 2042 devorandum.
778 1997 865 2039 Sed
902 1998 998 2052 quis
1029 2012 1222 2053 unquam
1254 2000 1396 2038 metus
1437 1997 1653 2053 sapientes
1686 2012 1805 2053 sepa-

406 2068 524 2110 ravit
566 2082 592 2108 a
624 2066 846 2107 veritate?
908 2065 993 2107 Sed.
1024 2065 1134 2106 heu!
1177 2065 1225 2106 in
1255 2065 1392 2107 tantis
1424 2064 1591 2120 abyssis
1632 2066 1804 2107 teterri-

408 2150 578 2177 marum
622 2134 854 2189 caliginum
899 2134 1051 2189 palpat
1097 2133 1224 2175 hodie
1266 2133 1384 2175 zelus
1426 2133 1658 2174 electorum
1694 2148 1804 2189 prze-

410 2203 602 2245 nesciens
634 2216 720 2257 quo
752 2202 955 2243 divertat.

470 2271 628 2312 Valeat
664 2270 793 2312 vestri
826 2272 977 2310 sancta
1008 2269 1243 2325 vigilantia
1274 2270 1320 2311 in
1354 2269 1540 2322 Christo,
1574 2271 1648 2310 etc.

695 2592 893 2637 Domino
935 2591 1190 2636 Livzcolwicc
1230 2590 1391 2635 Frater
1430 2591 1548 2636 Adeo.

190 2708 386 2793 {Reditiiessstiim
474 2716 546 2758 Ad
568 2715 824 2757 instantiam
851 2713 1122 2769 quorundam
1151 2711 1260 2754 mihi
1292 2712 1337 2753 in
1368 2711 1542 2755 Christo
1574 2712 1809 2754 carissimo-

191 2796 371 2838 thatLady
415 2800 525 2833 rum,
558 2787 816 2840 praesentem
866 2782 1059 2823 consensi
1101 2781 1388 2822 dominationi
1429 2784 1587 2823 vestrae
1624 2781 1807 2822 seribere

191 2840 262 2872 Eva
278 2841 318 2872 de
416 2853 684 2911 petitionem,
717 2850 873 2892 humili
905 2849 1150 2906 supplicans
1181 2849 1475 2892 obsecratione
1506 2863 1583 2904 pro
1626 2849 1810 2891 honora-
