1905 3180
628 283 862 313 1·:P1sT‹1›1„-1‹:.
1360 274 1374 312 1
1389 272 1440 313 29

110 396 193 438 His
223 399 369 437 autem
402 397 600 439 omnibus
632 399 690 439 sic
723 398 923 448 excursis,
950 398 1122 438 recessit
1166 412 1303 439 comes
1334 398 1664 455 Ley-'l]1·ial‹›fthe

48 464 212 506 cestriae
244 480 269 504 a
301 464 473 505 domino
516 480 614 521 rege
663 466 742 506 sub
787 466 967 507 obscura
1004 466 1205 505 dimissus
1238 466 1413 506 licentia
1434 483 1441 516 ;
1462 446 1636 521 &setim

48 532 121 586 qui
153 535 251 586 post
281 546 489 573 recessum
531 548 655 573 suum
698 533 856 574 litteris
898 533 1147 588 patentibus
1180 533 1443 587 significavit

49 599 224 640 domino
256 600 359 654 regi,
393 615 435 640 se
468 604 665 655 paratum
701 615 789 641 csse
818 614 966 656 parere
1005 601 1138 655 ipsius
1175 601 1443 655 beneplacito

49 681 125 722 pro
157 667 323 708 viribus
355 671 568 722 quatenus
602 669 765 709 domini
800 668 910 723 regis
945 668 1178 708 dumtaxat
1207 667 1444 708 consulitur

49 734 258 789 profectui
317 735 481 789 pariter
527 739 570 776 et
617 736 779 776 honori.
858 735 1025 775 Deinde
1071 735 1209 775 divini
1258 735 1444 775 nominis

52 802 208 843 timore
233 802 452 849 solidatus
478 807 522 843 et
553 804 771 844 animatus
793 817 946 851 amore,
973 816 1140 843 omnem
1173 817 1290 857 spem
1323 817 1444 842 suam

49 870 92 909 in
135 870 274 924 ipsum
318 870 558 924 projiciens,
600 871 675 925 qui
717 885 802 911 non
840 870 997 910 deserit
1042 873 1260 924 sperantes
1303 870 1345 909 in
1389 884 1445 919 se,

51 951 104 977 ex
148 937 213 978 his
244 951 413 991 quoque
447 952 542 991 quae
574 953 722 993 passus
754 941 817 978 est
850 938 904 977 ad
937 936 1227 977 obedientiam
1261 936 1446 991 discipli—

50 1007 189 1052 natus,
237 1004 428 1059 gaudens
474 1008 518 1046 et
564 1005 780 1046 confidens
824 1005 866 1045 in
909 1005 1175 1059 protectione
1221 1004 1446 1054 Altis-sinii,

50 1071 157 1112 feria
210 1072 363 1126 quinta
425 1072 625 1127 proxima
676 1076 774 1128 post
825 1073 982 1113 festum
1042 1072 1166 1112 Beati
1221 1071 1444 1118 Barnabae,
1466 1071 1554 1102 June
1576 1071 1659 1103 lfflh·

51 1140 157 1180 mari
205 1140 400 1187 transito,
449 1154 590 1195 sospes
637 1143 680 1181 et
726 1140 874 1180 hilaris
925 1153 1020 1180 cum
1055 1138 1126 1179 H.¹
1161 1140 1449 1195 primogenito

51 1221 137 1256 suo,
181 1207 474 1262 acceptissimo
527 1211 684 1248 vestra]
736 1207 980 1248 sanctitatis
1028 1207 1213 1255 alumno,
1257 1210 1301 1247 et
1353 1221 1449 1247 cum

52 1274 228 1315 amabili
285 1274 540 1316 coliiitissa÷³
592 1289 680 1315 siue
737 1275 991 1329 frequentia,
1047 1274 1238 1315 Boloniae
1280 1274 1452 1315 circiter

53 1341 203 1382 horam
253 1345 421 1382 sextam
464 1341 702 1396 applicuit3
745 1342 1020 1396 postmodum
1057 1342 1147 1381 sine
1189 1355 1323 1382 morae
1366 1342 1450 1381 dis-

52 1410 220 1465 pendio,
254 1423 349 1449 cum
387 1409 609 1450 accesserit
646 1409 956 1464 opportunitas,
991 1409 1037 1449 in
1070 1409 1323 1449 Vasconiam
1356 1423 1451 1463 pro-

52 1477 252 1525 fecturus,
291 1480 335 1517 et
367 1476 480 1517 sicut
512 1476 643 1518 fuerit
675 1477 879 1517 voluntas
906 1477 951 1516 in
983 1477 1089 1517 coelo
1124 1476 1449 1531 dispensaturus

53 1559 197 1585 rerum
238 1544 544 1586 moderamina.
608 1544 829 1586 Vaseoniae
861 1544 1074 1599 siquidem
1112 1547 1254 1599 partes
1291 1558 1449 1584 memo—

53 1615 160 1653 ratae
207 1612 413 1667 superius,
444 1615 595 1667 postea
629 1626 654 1652 a
699 1612 874 1653 domino
911 1626 1009 1667 rege
1050 1615 1326 1662 recesserunt,
1360 1611 1450 1651 odi-

56 1694 179 1721 orum
222 1680 453 1720 discordias
485 1683 529 1721 et
560 1679 732 1721 fomites
764 1680 1017 1735 proeliorum
1051 1680 1096 1720 111
1133 1679 1333 1721 cordibus
1362 1693 1450 1720 non

54 1747 327 1788 mediocriter
385 1747 556 1788 offensis
614 1761 757 1788 secum
815 1750 1097 1802 reportantes,
1152 1750 1203 1788 ut
1255 1749 1448 1802 putatur,

55 1819 204 1857 contra
235 1829 277 1855 se
315 1815 499 1855 invicem
536 1818 579 1855 et
622 1818 770 1856 contra
812 1830 937 1855 suum
979 1803 1293 1855 dominatorem
1325 1813 1451 1854 solito

55 1883 239 1938 amplius
276 1882 550 1937 provocataej‘
587 1882 638 1923 de
675 1882 921 1938 proceribus
963 1882 1085 1936 regni
1122 1885 1166 1922 et
1200 1881 1452 1922 consiliariis

56 1950 168 2005 regis
210 1949 341 1990 exilia
383 1950 487 1990 satis
533 1953 577 1990 et
620 1949 794 1990 sinistra
846 1949 1078 1990 sentientes
1131 1952 1174 1990 et
1226 1949 1450 1990 manifeste

57 2017 343 2072 divulgantes,
397 2031 524 2072 super
566 2016 831 2071 profectione
878 2017 1046 2057 comitis
1101 2017 1146 2057 in
1183 2016 1450 2065 Vasconiam,

57 2088 179 2140 parte
221 2084 354 2139 ipsius
396 2084 617 2139 potissime
674 2084 906 2133 laetificata,
953 2087 1074 2139 parte
1116 2098 1219 2125 vero
1274 2083 1453 2124 adversa

58 2166 222 2193 summe
254 2154 538 2192 consternata.
589 2151 759 2206 Anceps
791 2154 1044 2207 expectatur
1072 2155 1253 2193 eventus
1281 2167 1307 2192 a
1331 2154 1454 2192 motu

58 2220 188 2275 regio,
223 2219 462 2274 praesertim
496 2233 593 2260 cum
627 2219 853 2274 ignoratur
884 2220 919 2260 si
953 2220 1056 2273 quid
1089 2222 1240 2260 contra
1271 2219 1453 2260 eundem

60 2288 258 2328 comitem
288 2287 376 2342 ipse
403 2301 480 2327 rex
507 2286 561 2327 ob
589 2301 888 2342 quamcunque
921 2301 1103 2335 causam,
1140 2287 1329 2329 Domino
1362 2300 1455 2341 Der-

60 2355 262 2396 mittente
293 2354 350 2394 sit
379 2357 730 2409 attemptaturus,
755 2370 810 2395 an
842 2369 937 2403 non,
970 2355 1157 2396 Domino
1188 2354 1455 2409 prohibente.

122 2421 414 2463 Conservetur
451 2421 643 2476 optanda
676 2425 832 2463 vestrae
864 2422 1152 2463 beatitudinis
1184 2422 1456 2463 incolumitas

60 2490 106 2530 in
149 2489 321 2530 Christo
363 2489 392 2529 J
397 2504 470 2530 esu
514 2503 680 2544 semper
724 2493 768 2530 et
811 2490 1060 2530 beatissima
1092 2490 1281 2545 Virgine.
1360 2489 1456 2530 Scio

62 2571 167 2612 opus
198 2570 285 2597 non
319 2570 407 2597 esse
438 2557 840 2598 reconnnendaticia
873 2572 950 2612 pro
982 2557 1145 2612 inclyto
1181 2557 1346 2605 comite,
1369 2557 1457 2611 pie—

61 2624 144 2664 tati
186 2627 341 2664 vestrae
388 2624 504 2664 inter
555 2624 759 2666 mortales
812 2625 1103 2676 devotissimo,
1146 2639 1225 2665 nec
1275 2638 1361 2664 non
1406 2624 1457 2664 de

63 2690 307 2732 sanctitatis
336 2693 492 2732 vesti-{e
521 2691 699 2742 meritis,
733 2694 777 2732 et
811 2692 1020 2734 orationis
1054 2695 1207 2733 vestrae
1243 2690 1458 2744 suffragiis

110 2826 118 2846 ¹
136 2825 263 2867 Henry.
311 2826 371 2857 See
388 2837 419 2867 p.
440 2830 512 2866 163,
531 2839 560 2859 η.
922 2830 933 2847 ³
945 2833 1136 2869 provocatcz‘,
1153 2827 1226 2858 MS.

110 2880 123 2897 ²
138 2878 298 2915 eenzitivae,
316 2878 400 2916 MS„
418 2879 482 2910 and
499 2878 643 2920 possibly
659 2878 830 2920 correctly.
