1905 3180
686 288 921 318 EPISTOLAE.

1411 282 1435 322 09

1442 280 1466 324 «1

1471 284 1495 324 00

742 477 868 520 CCX.

98 588 485 631 Reverenclissimo
506 589 562 631 in
585 588 758 631 Cleri-sio
786 589 927 644 pcctri,
960 589 1119 631 Pressa
1159 589 1244 635 W.,¹
1277 591 1497 634 Fratrum

219 656 458 699 Minornm
491 657 547 698 in
582 656 760 711 Angylicc
803 656 1034 705 illc'nistro,
1069 657 1228 699 Frater
1260 659 1367 699 Ades
1399 674 1497 713 (sum

220 724 462 767 desursum
515 728 573 766 est
627 723 918 780 sapientiam,
984 724 1277 779 ccvttinfsenteon
1328 740 1356 766 a
1396 727 1495 781 fine

219 806 359 848 usque
401 792 462 834 acl
485 792 631 848 finem
670 791 866 848 fortiter,
910 796 947 834 et
983 791 1296 847 disponentem
1338 793 1496 835 omnia,

221 859 433 902 suaviter.

162 972 373 1028 Perquam
405 987 477 1015 oro
508 972 634 1029 longe
665 974 742 1015 fiat
783 974 838 1015 ab
870 973 1095 1014 animabus
1127 974 1294 1023 sanctis,
1318 974 1362 1015 in
1394 988 1498 1029 quas
1516 981 1698 1032 congratu-

102 1040 193 1096 ipsa
225 1055 268 1081 se
300 1041 518 1089 transfert,
561 1041 720 1082 amicos
763 1041 846 1082 Dei
886 1045 929 1082 et
961 1041 1190 1096 prophetas
1221 1027 1704 1101 0011513111110115,ξζιῃῖζξζ15]ὲῖΠ

100 1108 226 1163 longe
272 1108 359 1157 fiat,
408 1108 597 1163 inquam,
630 1109 782 1163 rigoris
829 1108 1020 1164 sacrilegi
1052 1110 1235 1150 mentita
1277 1110 1498 1164 magnani-
1517 1115 1600 1163 cond
1618 1115 1700 1145 elec-

102 1175 241 1225 mitas,
265 1190 360 1230 quae
385 1190 708 1231 nonnunquam,
731 1176 839 1231 proh
860 1176 979 1217 nefas
998 1179 1004 1216 ἶ
1039 1180 1082 1217 et
1104 1177 1261 1218 divinae
1284 1177 1499 1231 dispensa—
1517 1159 1706 1233 ggssngthe

102 1243 233 1284 tionis
264 1243 556 1285 moderamina
587 1244 825 1299 perturbat,
864 1247 907 1285 et
940 1243 1084 1285 irritat
1128 1245 1362 1299 spiramina
1407 1244 1501 1299 Spi-
1519 1246 1714 1298 lsrovineial.

102 1310 211 1352 ritus
259 1310 419 1353 Sancti.
484 1310 628 1366 Igitur
659 1326 735 1367 per
766 1311 1020 1352 altissimam
1056 1311 1226 1353 Sanctae
1274 1312 1501 1353 Trinitatis
1518 1290 1692 1374 ξέζῗξῗὲγ

103 1378 382 1433 majestatem,
416 1393 492 1433 per
519 1378 788 1419 adorandum
830 1379 1018 1420 vivificae
1052 1379 1201 1420 Crucis
1244 1379 1499 1434 patibulum,
1519 1379 1586 1408 will
1603 1383 1715 1418 accept

104 1460 179 1501 per
209 1446 497 1488 aemulandam
541 1446 802 1489 beatissimae
834 1447 1030 1502 Virginis
1063 1447 1383 1488 venerationem
1429 1447 1501 1488 ad-
1519 1422 1573 1453 1¹¹⁰
1591 1428 1671 1462 post.

97 1512 207 1568 juro,
232 1517 283 1555 ut
314 1514 432 1554 nulla
463 1514 708 1555 conditione
741 1514 819 1555 sub
852 1515 957 1556 coelo
990 1514 1201 1555 declinare
1232 1515 1503 1569 praesumatis

104 1581 283 1623 beatum
315 1582 545 1638 operanda)
584 1582 736 1623 salutis
781 1581 981 1633 officium,
1030 1583 1145 1637 quod
1175 1582 1299 1623 vobis
1346 1583 1502 1624 iterato

103 1650 323 1705 imponere
356 1650 528 1691 curavit
560 1650 725 1692 occulto
758 1650 925 1691 consilii
957 1650 1023 1691 sui
1067 1650 1248 1702 decreto,
1296 1664 1371 1705 per
1412 1654 1503 1691 tam

103 1733 379 1760 numerosam
421 1717 607 1759 salvifici
654 1733 850 1759 assensus
900 1717 1163 1767 electionem,
1208 1717 1263 1767 Is,
1300 1718 1373 1772 qui
1417 1733 1504 1759 non

105 1788 196 1827 tam
234 1785 467 1842 Apostolis,
509 1800 639 1840 quam
671 1785 923 1841 apostolicos
967 1785 1132 1826 labores
1164 1786 1397 1826 secundum
1429 1800 1505 1827 saz-

106 1854 291 1895 cularem
329 1854 634 1895 successionem
670 1853 1006 1902 introeuntibus,
1041 1853 1120 1893 sub
1152 1852 1382 1908 patrocinii
1418 1868 1504 1894 cce-

107 1920 228 1963 lestis
250 1921 513 1963 immutabili
536 1922 763 1977 sponsione
794 1921 1025 1977 promittit,
1050 1921 1193 1962 dicens
1214 1937 1221 1961 ι
1258 1926 1278 1941 “
1297 1920 1404 1962 Ecce
1426 1935 1502 1976 ego

107 1995 130 2010 “
162 1989 385 2031 vobiscum
434 2004 529 2030 sum
577 2004 712 2045 usque
755 1990 811 2030 ad
860 1989 1273 2031 consummationem
1317 1987 1503 2029 saeouli.'’

110 2056 345 2099 Continere
377 2058 589 2099 calamum
622 2058 800 2112 nequivi
831 2058 937 2112 quin
968 2072 1043 2112 per
1073 2057 1289 2111 privatam
1312 2056 1503 2097 litteram

107 2123 153 2166 1(1
194 2140 375 2180 agerem,
436 2126 551 2181 quod
596 2129 742 2167 actum
787 2128 852 2166 est
896 2125 943 2165 in
988 2124 1215 2166 communi.
1292 2124 1506 2164 Laetificet

108 2207 184 2234 vos
214 2193 369 2235 laetitia
400 2194 668 2249 sempiterna.
745 2192 1008 2234 Laetificavit
1051 2207 1120 2233 me
1171 2191 1318 2232 littera
1361 2194 1506 2232 vestra

109 2259 216 2300 mihi
258 2276 284 2301 a
316 2260 530 2316 Lugduno
562 2260 826 2302 transmissa.
891 2260 960 2302 Sit
990 2260 1114 2301 vobis
1145 2259 1191 2299 in
1221 2259 1421 2300 omnibus
1463 2262 1505 2299 et

154 2458 375 2501 ¹Aeeording
398 2463 431 2491 to
447 2459 621 2492 Eccleston
651 2460 699 2502 (p.
734 2462 791 2501 70)
833 2461 897 2493 and
920 2461 995 2493 died
1034 2461 1134 2503 nobly
1157 2461 1327 2503 attending
1343 2471 1385 2493 on
1404 2471 1422 2492 a
1439 2460 1508 2492 sick

110 2510 198 2544 Wm.
215 2512 253 2543 of
265 2512 493 2554 Nottingham,
510 2513 593 2545 after
609 2513 721 2554 ruling
735 2513 791 2545 the
832 2515 965 2546 brother
977 2515 1073 2546 when
1085 2515 1127 2545 1111
1144 2514 1252 2546 others
1264 2515 1329 2546 had
1340 2514 1413 2545 fied.
1439 2513 1509 2545 The

111 2563 250 2605 English
266 2565 422 2606 province
438 2565 513 2597 nine
540 2576 638 2608 years
669 2567 790 2607 (1240-
831 2567 972 2608 English
999 2567 1156 2608 province
1184 2567 1357 2598 rc-elected
1384 2566 1453 2596 him
1476 2565 1510 2595 in

116 2618 217 2657 1249)
234 2627 302 2649 was
319 2618 461 2659 deposed
475 2618 561 2649 from
577 2619 628 2650 his
641 2619 732 2650 office
756 2619 790 2649 in
831 2619 882 2650 his
903 2620 1051 2657 absence,
1079 2619 1189 2650 before
1215 2618 1295 2660 they
1321 2618 1386 2649 had
1409 2617 1510 2649 heard

113 2678 132 2699 a
161 2668 306 2710 Chapter
335 2670 413 2701 held
447 2675 480 2702 at
503 2671 605 2709 Metz,
635 2671 668 2701 in
696 2674 789 2702 1:249.
830 2671 868 2702 of
900 2671 950 2702 his
977 2672 1119 2703 deeease.
1194 2671 1346 2711 Gregory
1376 2671 1416 2700 de
1446 2670 1511 2699 Bo-

113 2720 164 2752 He
177 2732 242 2754 was
257 2722 336 2754 then
352 2727 423 2754 sent
435 2733 477 2754 on
490 2733 509 2754 a
529 2723 664 2754 mission
679 2728 712 2754 to
735 2723 790 2754 the
830 2723 918 2754 sellis
956 2734 1022 2755 was
1054 2724 1131 2754 then
1162 2723 1241 2754 with
1271 2722 1326 2753 the
1360 2722 1511 2753 Mimster

114 2772 213 2814 Pope‚
222 2775 286 2806 and
295 2774 330 2805 in
341 2781 503 2817 company
518 2775 595 2807 with
606 2776 661 2806 the
673 2774 789 2806 Minis·
831 2775 982 2807 General.
1047 2775 1157 2806 Adam
1174 2776 1213 2805 de
1231 2773 1373 2805 Mariseo
1389 2774 1416 2804 is
1440 2783 1511 2813 spe-

114 2835 165 2864 ter
183 2825 325 2859 General
334 2828 582 2867 (Bonaventure
600 2829 633 2868 '?)
650 2827 789 2859 reached
829 2827 927 2868 cially
964 2827 1151 2859 mentioned
1200 2836 1235 2857 as
1269 2824 1441 2865 appointed
1479 2829 1511 2854 to

118 2877 232 2910 Genoa
257 2884 290 2912 at
316 2880 371 2912 the
402 2880 481 2912 time
505 2880 543 2911 of
575 2880 629 2912 the
661 2880 788 2920 phgue,
827 2879 932 2921 notify
945 2879 999 2911 the
1015 2878 1241 2911 confirmation
1252 2878 1290 2909 of
1297 2877 1351 2908 the
1366 2876 1513 2909 election-
