1905 3180
442 247 528 287 394.
931 251 1035 281 ADAE
1068 251 1129 280 DE
1159 249 1354 279 MARISCO

214 380 296 409 have
313 378 390 408 used
441 369 516 419 tia,
546 369 599 409 de
631 381 726 422 qua,
757 365 994 407 seeundum
1020 364 1291 419 Scripturam
1313 364 1388 418 qui
1415 366 1593 419 sperant
1617 361 1847 402 habebunt

211 422 381 506 ῗὲιζζξῖἒῗ
443 435 761 485 fortitudinem,
810 436 1032 474 assument
1078 446 1242 487 pennas
1289 435 1341 472 ut
1381 432 1551 486 aquilae,
1585 432 1760 472 current
1801 431 1846 470 et

210 509 290 539 him·
444 518 532 545 non
568 503 844 553 laborabunt,
898 500 1188 542 ambuJabunt
1237 503 1281 540 et
1332 513 1422 540 non
1456 499 1686 549 deficient3
1729 497 1846 552 quod.

444 570 777 613 desiderabilem
817 569 1052 625 grandium
1104 567 1414 608 difficultatum
1455 567 1625 608 exitum
1677 565 1733 607 ad
1778 565 1847 606 sui

441 639 488 679 -N
492 639 647 680 ominis
678 638 872 693 gloriam,
906 640 950 678 et
981 635 1186 677 laetitiam
1217 635 1412 676 fidelium
1443 648 1630 683 suorum,
1663 647 1848 689 propen-

441 707 532 748 sius
564 706 823 755 exhibebit3
856 704 1011 745 saltem
1053 704 1190 754 illum,
1225 717 1356 757 quem
1390 702 1464 757 pia
1494 705 1650 743 vestrae
1693 701 1850 742 discre-

443 774 578 816 tionis
620 773 842 814 industria
877 772 925 812 in
956 772 1105 812 littera
1139 770 1248 811 mihi
1280 785 1421 826 nuper
1447 770 1702 811 transmissa
1735 783 1851 810 com-

444 842 714 883 memoravit.
801 840 920 881 Satis
971 842 1280 894 argumentose
1323 841 1416 879 tam
1457 838 1645 879 dominae
1687 836 1850 892 reginae

445 924 575 963 quam
609 908 841 950 eomitissae
875 907 1137 961 Leycestriae
1179 905 1395 947 indefessa
1431 905 1677 947 sollicitudo
1720 905 1848 947 bene-

444 977 563 1018 dic-ta
600 974 837 1031 sataguntl
883 974 1179 1015 sollieitudine
1217 988 1391 1029 operam
1438 973 1689 1028 impendere
1731 973 1850 1013 miti-

443 1044 600 1100 gandis
632 1043 827 1084 motibus
859 1043 988 1098 regiae
1015 1042 1271 1097 majestatis,
1305 1041 1380 1096 qui
1409 1055 1556 1082 severe
1585 1041 1716 1082 nimis
1748 1043 1851 1082 sunt

445 1111 654 1153 concitati
686 1111 908 1152 occasione
941 1113 1323 1165 supramemoratae
1354 1109 1716 1165 praesentationis,
1748 1108 1852 1150 licet

446 1180 663 1228 haetenus,
703 1182 753 1219 ut
795 1178 937 1229 audio,
976 1178 1253 1234 profecerunt
1290 1177 1465 1219 exiliter
1506 1177 1563 1218 ad
1604 1176 1851 1218 redivivam

446 1248 632 1288 irritatae
654 1246 926 1288 celsitudinis
948 1246 1312 1302 indignationem.
1367 1245 1594 1287 Orandum
1615 1245 1753 1300 igitur
1773 1247 1852 1296 est,

410 1307 412 1309 ¹
448 1319 498 1356 ut
532 1315 717 1370 imperet
749 1314 896 1355 ventis
929 1317 973 1355 et
1005 1314 1117 1354 mari
1150 1314 1207 1364 Is,
1240 1314 1288 1354 in
1320 1313 1441 1368 eujus
1472 1327 1607 1354 manu
1639 1326 1710 1354 eor
1739 1311 1854 1367 regis

448 1386 525 1433 est,
573 1383 685 1423 sieut
728 1382 1001 1423 dominiones
1050 1396 1275 1436 aquarum,
1308 1385 1360 1423 ut
1404 1384 1503 1437 post
1544 1382 1854 1435 tempestatem

447 1453 541 1492 tam
569 1450 782 1491 letiferam
814 1450 1085 1492 salutiferam
1118 1449 1250 1491 faeiat
1288 1448 1668 1504 tranquillitatem.
1716 1448 1760 1489 N
1763 1462 1857 1489 um-

448 1518 564 1573 quid,
598 1518 683 1558 nisi
716 1517 832 1573 apud
860 1518 1218 1559 stultissimorum
1246 1517 1540 1572 iniquitatem,
1571 1530 1637 1557 res
1659 1516 1855 1558 omnium

446 1585 710 1641 gravissima
736 1585 896 1627 leviter
932 1586 1157 1641 pensanda
1193 1588 1289 1627 est?
1336 1585 1468 1626 Absit
1505 1584 1552 1625 in
1584 1589 1799 1637 aeternum
1829 1599 1858 1626 a
1904 1578 1905 1582 ¹

449 1656 601 1695 saneta
637 1653 884 1708 sapientum
917 1654 1136 1708 aequitate.

1019 1840 1289 1883 CCXXVII.

453 1947 853 1990 Desideratz'ssimo
894 1947 1028 2004 patri
1074 1948 1130 1990 in
1164 1947 1350 1998 Christo,
1384 1948 1547 1991 Fratri
1588 1948 1763 1991 Thomoe
1805 1948 1858 1991 de

593 2016 802 2066 Eboraoe,
841 2016 1002 2059 Frater
1038 2016 1148 2058 Adeo
1188 2016 1382 2059 salutem
1416 2016 1475 2058 in
1506 2015 1718 2059 Domino.

226 2142 356 2192 Psaises
453 2129 455 2131 ’
518 2130 719 2171 Validam
755 2131 1043 2186 vigilantiam,
1085 2131 1299 2186 fulgidam
1336 2132 1610 2184 industriam,
1648 2132 1858 2175 fervidam
1904 2124 1905 2127 Ἴ

226 2186 384 2261 ἓξξὶὲξῗὶ
459 2198 792 2253 aemulationem,
828 2203 1101 2240 constantem
1138 2200 1506 2254 perseverantiam
1539 2201 1739 2242 amabilis
1768 2200 1860 2242 ani-

227 2273 352 2349 nesnstitn
460 2265 519 2305 mi
554 2266 698 2315 vestri,
734 2266 780 2306 in
821 2266 875 2306 iis
907 2281 1003 2321 quae
1046 2267 1101 2307 ad
1132 2267 1341 2308 honorem
1385 2268 1565 2308 Domini
1607 2268 1860 2310 saeculorum
1903 2268 1905 2318 l

227 2327 308 2348 resis
323 2327 382 2358 mg
1902 2322 1905 2332 ¹

229 2360 395 2402 improper
461 2336 504 2373 et
547 2333 729 2373 salutem
771 2334 894 2388 regni
936 2334 1018 2375 Dei
1071 2335 1219 2376 cedere
1265 2339 1593 2391 cognoscuntur,
1635 2350 1725 2378 non
1770 2336 1861 2378 sine
1902 2339 1905 2379 1

229 2405 442 2445 promotions.
461 2400 703 2456 gratiarum
749 2400 920 2442 actione
952 2402 1080 2443 laetus
1123 2417 1176 2444 ex
1212 2403 1454 2444 innumeris
1497 2403 1651 2459 colligo
1694 2403 1859 2459 experi-
1902 2389 1905 2400 ‚

462 2468 632 2508 mentis.
717 2467 960 2509 Excellenti
994 2470 1088 2510 viro
1124 2471 1331 2526 magistro
1368 2470 1448 2521 E,2
1485 2470 1655 2512 officiali
1697 2471 1859 2513 domini
1902 2475 1904 2479 '

463 2535 724 2585 Cantuarize,
748 2535 841 2576 vice
866 2535 1105 2577 Salvatmis
1136 2542 1180 2579 et
1212 2538 1297 2579 mei
1319 2538 1455 2579 officio
1485 2541 1630 2593 grates
1662 2553 1766 2594 rogo
1799 2552 1862 2580 re·
1904 2558 1905 2561 ¹

460 2602 570 2643 ferre
613 2602 769 2643 curetis
822 2603 1134 2654 devotissimas,
1179 2606 1253 2659 qui
1295 2620 1577 2660 pervasurum
1620 2606 1703 2648 Dei
1744 2620 1861 2648 sanc-

462 2670 655 2711 tuarium
687 2669 834 2711 favore
865 2673 1066 2726 prosequi
1098 2688 1188 2713 non
1230 2674 1455 2714 consensit.
1534 2673 1668 2729 Cujus
1715 2673 1862 2716 memi-

510 2851 518 2869 ¹
546 2852 612 2883 Sic.
640 2879 642 2881 ,
1109 2853 1115 2898 l
1180 2856 1192 2873 '²
1216 2855 1308 2888 Eust.
1325 2857 1365 2887 de
1382 2856 1464 2889 Len.
