1905 3180
630 238 865 269 EPIST‹‘›LAE.
1358 229 1440 270 225

48 354 312 404 liberatione,
357 368 486 408 quam
528 354 610 395 illis
663 356 714 396 de
767 370 948 410 quarum
995 355 1180 410 periculo
1222 356 1443 404 metuitur,

49 422 284 472 animabus,
327 422 373 461 in
406 436 586 476 persona
618 426 762 463 vestra
805 423 1029 477 provideri.
1096 424 1294 478 Denique
1346 424 1446 478 quia

49 489 209 545 placuit
239 489 437 544 benignae
470 490 715 530 discretioni
746 490 989 545 insipientis
1016 490 1202 532 hominis
1232 491 1446 545 inquirere

50 557 282 605 consilium,
347 557 416 597 hic
467 561 531 598 est
584 558 767 599 calculus
819 558 1125 612 qualiscunque
1178 558 1448 599 diffinitionis

51 639 166 673 meae,
210 628 260 666 ut
312 625 391 665 hoc
431 626 509 666 fiat
551 625 641 666 81110
688 640 818 667 morae
861 625 1084 680 dispendio
1127 626 1241 680 quod
1292 625 1449 667 litteris

50 693 204 734 vestris
235 694 423 748 prudens
456 693 638 735 inseruit
670 694 1001 748 circumspectio,
1026 693 1078 734 de
1110 693 1309 734 adeundo
1331 693 1451 734 vide-

51 761 150 802 licet
186 761 540 802 reverendissimo
566 764 699 816 patre,
735 761 909 802 domino
942 760 1202 815 Lyncolniae,
1226 775 1354 815 quem
1386 761 1450 800 in-

53 828 304 870 dubitanter
340 829 464 870 credo
501 829 754 870 salutarium
792 828 1063 870 consiliorum
1101 844 1127 869 a
1163 829 1292 869 Patre
1326 828 1451 869 lumi-

52 910 156 936 num
198 910 286 937 esse
337 896 568 951 praeditum
620 896 845 945 industria,
891 900 934 937 et
977 897 1121 937 omnia
1173 896 1363 951 ejusdem
1406 896 1451 936 in

54 963 207 1019 spiritu
243 963 483 1005 Salvatoris
514 964 813 1005 committatur
845 964 1034 1005 arbitrio.

111 1031 276 1079 Valeat,
314 1046 398 1079 010,
431 1035 587 1072 vestrae
630 1032 850 1073 dilectioni
888 1034 931 1072 et
962 1032 1102 1072 virtus
1135 1032 1364 1087 impavida,
1410 1034 1453 1072 et

51 1113 197 1140 sensus
250 1099 509 1153 indeceptus,
561 1103 604 1140 et
651 1099 871 1140 {emulatio
918 1099 1133 1140 irremissa
1177 1099 1231 1140 ad
1273 1099 1453 1154 gloriam

52 1166 190 1207 divini
243 1166 454 1215 Nominis,
507 1166 551 1207 111
604 1182 709 1222 opus
761 1167 924 1215 salutis,
978 1167 1143 1207 meritis
1192 1166 1453 1208 beatissimae

51 1233 255 1290 Virginis.
310 1233 558 1275 Proserebat
590 1234 781 1289 epistola}
810 1238 965 1275 vestrae
997 1234 1255 1289 principium
1287 1249 1455 1275 accusa-

52 1301 184 1343 torios
235 1301 495 1342 humilitatis
560 1306 749 1350 conatus,
804 1302 1043 1343 cavendum
1106 1302 1153 1342 in
1218 1302 1311 1342 Deo
1368 1316 1456 1342 non

53 1361 239 1416 segniter
289 1375 343 1402 ne
388 1361 514 1401 facies
565 1360 741 1402 humilis
785 1361 954 1416 ingerat
1001 1361 1115 1402 cordi
1157 1360 1453 1402 diffidentiam.

115 1429 410 1470 In-aeternum
442 1428 592 1470 valete.

671 1621 832 1664 XCIX.

56 1726 315 1768 Proeczilecto
346 1726 435 1769 siba
466 1726 522 1768 sin
553 1726 730 1770 olmeto
755 1727 974 1782 magyzstro
1003 1725 1233 1782 Raduflfo¹
1263 1726 1314 1767 <ze
1343 1726 1458 1767 Oan-

179 1794 342 1836 taccria
374 1795 535 1836 Frater
556 1794 665 1836 Acla
696 1795 902 1846 salutem,
941 1799 978 1837 et
1009 1794 1231 1850 Spiritum
1272 1793 1458 1835 consilii

187 1876 291 1903 cum
322 1861 496 1916 spiritu
518 1861 613 1917 fort
622 1861 634 1902 ἱ
640 1862 722 1904 tud
730 1862 775 1904 in
786 1862 831 1903 is.

123 1969 194 2010 Ad
225 1970 507 2024 tranquillam
539 1973 694 2011 vestrae
726 1970 1011 2026 benignitatis
1036 1969 1305 2018 industriam,
1331 1984 1459 2024 quam
1477 1966 1567 2016 Begg.
1579 1966 1647 2016 him

62 2041 105 2078 et
149 2037 484 2078 conversationis
527 2037 740 2087 honestas,
790 2042 834 2079 et
866 2037 1036 2079 claritas
1079 2037 1255 2092 ingenii,
1290 2040 1334 2078 et
1379 2037 1461 2078 dis-
1478 2011 1682 2086 Ἐξιέῗρῐῑὴθ

62 2105 261 2147 cretionis
293 2105 622 2160 circumspectio,
669 2106 904 2146 secundum
936 2105 1051 2160 quod
1082 2105 1189 2145 mihi
1220 2119 1295 2160 per
1327 2098 1683 2175 οΗ1οἵι-3ζ58ξξέἒῖξέ0

61 2173 170 2214 ciam
191 2187 344 2223 rerum,
369 2188 394 2213 a
420 2173 617 2228 plurimis
644 2187 854 2213 annorum
884 2173 1113 2224 curriculis,
1137 2172 1462 2228 comprobatum
1481 2196 1644 2229 company

62 2244 135 2290 est,
199 2244 453 2296 argumenta
513 2240 789 2282 laudabiliter
850 2240 1080 2289 illustrant,
1129 2240 1184 2281 ad
1234 2244 1461 2296 urgentem

63 2308 342 2350 familiarium
362 2309 503 2350 victus
535 2308 790 2349 instantiam
822 2312 1078 2364 praesentem
1109 2308 1301 2350 litteram
1334 2308 1463 2349 desti—

63 2391 166 2417 nare
197 2377 396 2418 0011801181.
461 2376 577 2428 Quid
608 2377 774 2431 igitur?
837 2376 946 2418 Cum
984 2376 1141 2417 nobilis
1185 2376 1383 2417 dominus
1421 2375 1460 2416 S.

64 2459 201 2486 comes
230 2444 499 2499 Leycestriae,
533 2445 653 2500 cujus
685 2448 729 2485 et
755 2444 809 2485 ad
836 2444 1035 2485 (livinum
1066 2444 1270 2484 honorem
1303 2447 1347 2485 et
1378 2444 1463 2484 uti—

65 2511 234 2553 litatem
272 2511 487 2566 publicam
518 2512 751 2567 fiagranter
783 2512 958 2553 anhelat
1002 2511 1272 2561 desiderium,
1308 2526 1333 2552 a
1379 2526 1462 2565 quo

66 2580 348 2636 plurimorum
378 2580 502 2632 salus,
535 2583 626 2621 tam
665 2583 840 2636 propter
876 2580 1098 2621 evidentes
1129 2594 1258 2634 quam
1290 2582 1465 2634 propter

69 2650 249 2688 secretas
280 2661 438 2696 causas,
481 2648 667 2703 pendere
715 2648 994 2703 cognoscitur,
1028 2651 1183 2688 vestrae
1215 2662 1303 2687 non
1335 2646 1466 2687 medi-

115 2855 123 2874 ¹
150 2854 221 2886 The
237 2864 333 2888 name
351 2853 376 2886 is
394 2854 574 2894 uncertain,
591 2853 676 2886 from
693 2864 712 2887 a
728 2854 802 2886 flaw
821 2854 854 2886 in
871 2855 925 2886 the
944 2855 1016 2888 MS.
1065 2855 1125 2888 See
1142 2854 1245 2895 Epist.
1266 2854 1404 2886 CXLII.

1259 2920 1285 2949 P
