1905 3180
389 246 442 287 (32
804 251 984 285 THOMAs
1016 253 1077 285 DE
1109 252 1371 286 ECCLESTON.

388 387 558 428 quoque
598 372 784 414 Matrem
819 370 1123 413 Misericordiae
1155 370 1405 426 frequenter
1436 370 1484 412 in
1526 371 1615 414 haec
1652 373 1786 415 verba

391 441 644 482 medullitus
687 440 900 482 allocutus
949 442 1043 481 est:
1080 438 1201 481 “Per
1247 442 1386 489 tuum,
1430 439 1575 496 Virgo,
1609 439 1784 491 Filium,

389 513 411 531 ‘⁴
443 523 519 564 per
560 508 748 558 Patrem,
792 522 868 564 per
909 506 1191 557 Paraclitum‚
1235 507 1341 549 assis
1377 522 1563 564 praesens
1604 508 1660 551 ad
1697 508 1787 551 obi-

388 583 407 599 “
440 580 536 618 tum
570 591 715 618 meum
746 579 791 618 et
821 590 1038 617 summum
1071 573 1283 617 exitum.’'

447 645 601 686 Frater
637 644 852 686 Robertus
891 643 943 684 de
986 643 1185 694 Tornam,
1222 643 1360 699 primo
1401 643 1637 699 garelianus
1676 644 1786 686 Len-

386 712 481 762 niae,
515 715 665 768 postea
693 727 770 768 per
805 712 965 753 multos
1000 725 1137 753 annos
1174 713 1318 753 custos
1353 710 1666 767 Cantabrigiae,
1694 726 1789 768 pos-

385 784 524 822 tremo
557 779 768 821 ineffabili
797 779 973 828 fervore,
1008 779 1246 835 impetrata
1281 778 1459 821 licentia
1487 779 1786 835 proficiscendi

385 863 481 889 cum
519 848 827 903 crucesignatis
863 847 910 888 in
939 847 1115 888 Terram
1156 847 1374 897 Sanctam,
1412 862 1510 888 cum
1539 851 1687 889 tamen
1719 848 1786 888 in-

384 916 719 972 comparabilem
752 919 844 957 tam
876 915 1148 957 srecularium
1178 929 1309 970 quam
1347 914 1534 956 fratrum
1565 915 1613 956 in
1645 915 1783 957 officio

382 983 504 1039 gravi
564 983 834 1039 adquisisset,
887 986 1025 1025 tantae
1068 982 1229 1024 nobilis
1281 997 1368 1025 sure
1427 983 1685 1025 salvationis
1733 983 1781 1024 in

382 1055 519 1093 morte
557 1052 681 1108 signa
703 1051 980 1102 monstravit,
1005 1054 1056 1093 ut
1093 1051 1145 1093 de
1177 1051 1317 1093 salute
1353 1065 1432 1094 sua
1469 1051 1617 1094 nullus
1639 1052 1780 1095 fidelis

381 1120 598 1175 ambigere
632 1120 799 1162 debeat.

440 1188 594 1230 Frater
636 1188 883 1244 Stephanus
930 1188 982 1229 de
1026 1188 1192 1240 Belase‚
1221 1187 1362 1244 primo
1400 1187 1635 1244 garelianus
1669 1187 1782 1230 Len-

379 1256 478 1307 niae,
521 1259 672 1312 postea
724 1258 866 1297 custos
911 1254 1169 1308 Herf01·diae‚
1212 1259 1350 1298 tantae
1408 1256 1495 1298 fuit
1541 1256 1782 1298 dulcedinis

380 1326 601 1378 tantrequc
627 1324 913 1380 perfectionis,
946 1326 998 1366 ut
1032 1324 1163 1365 etiam
1201 1323 1435 1381 lachrymis
1470 1324 1612 1366 zelum
1641 1324 1781 1366 cordis

380 1391 446 1432 sui
478 1394 724 1443 testaretur,
759 1406 855 1432 ciun
888 1392 1056 1433 videret
1093 1392 1210 1447 quod
1246 1383 1365 1448 rigor
1397 1392 1620 1448 religionis
1658 1392 1780 1433 laxa-

379 1462 509 1501 retur.
557 1459 688 1501 Unde
718 1459 855 1500 nimio
888 1459 1100 1501 desiderio
1134 1459 1294 1515 quietis
1325 1459 1381 1501 ab
1404 1460 1523 1501 omni
1552 1460 1779 1502 absolutus

379 1527 526 1577 officio,
578 1527 732 1569 habuit
777 1526 968 1569 fructum
1011 1541 1138 1569 suum
1190 1527 1237 1569 in
1290 1528 1690 1580 sanctificationem,
1735 1531 1780 1572 et

378 1595 508 1637 finem
540 1610 643 1637 vero
675 1595 814 1636 vitam
845 1598 1065 1638 aeternam.

439 1663 594 1705 Frater
643 1663 755 1705 Will.
809 1663 963 1713 Coche,
1021 1663 1097 1719 qui
1152 1679 1248 1706 cum
1306 1664 1568 1706 fortissimus
1625 1665 1778 1708 robore

379 1731 502 1781 foret,
538 1746 613 1787 per
649 1734 933 1787 praematuros
966 1731 1133 1774 labores
1167 1733 1376 1776 custodire
1407 1733 1696 1775 Londinensis
1735 1738 1780 1777 et

380 1814 502 1840 curas
534 1799 640 1840 alias
674 1799 849 1854 penitus
890 1799 1141 1841 exinanitus
1168 1803 1245 1842 est.
1311 1800 1381 1843 Ab
1411 1801 1558 1843 activa
1598 1802 1777 1844 tandem

376 1868 431 1908 ad
468 1867 854 1923 contemplativam
896 1881 940 1909 se
982 1867 1226 1921 transtulit,
1277 1871 1322 1911 et
1372 1869 1527 1926 plenus
1575 1870 1776 1927 operibus

376 1934 422 1976 in
454 1950 556 1992 pace
590 1935 769 1991 quievit.

435 2003 590 2045 Frater
635 2003 909 2060 Augustinus
957 2004 1082 2046 bonae
1135 2004 1354 2047 memoriae
1398 2004 1565 2047 Fratris
1607 2005 1674 2048 W.
1720 2007 1772 2048 de

374 2071 648 2126 Notingham
693 2086 937 2127 germanUS,
967 2072 1107 2128 primo
1149 2072 1316 2114 domini
1346 2072 1597 2115 Innocentii
1643 2074 1774 2130 Papae

375 2138 450 2180 IV.
492 2138 727 2190 familiaris,
782 2142 932 2194 postea
995 2155 1092 2182 cum
1144 2143 1300 2197 nepote
1353 2141 1545 2197 ejusdem
1609 2142 1774 2184 domini

374 2205 630 2247 Patriarcha
661 2206 934 2249 Antiocheno
975 2207 1022 2248 in
1066 2208 1241 2265 Syriam
1282 2209 1516 2265 profectus5
1553 2212 1771 2266 postremo

374 2273 597 2329 episcopus
643 2273 863 2316 Laodiceae
915 2274 1053 2317 factus
1105 2279 1180 2319 est.
1257 2277 1344 2319 Hic
1395 2277 1549 2320 retulit
1599 2277 1770 2333 publice

373 2340 419 2380 in
471 2344 687 2382 conventu
740 2341 977 2385 Londoniae
1029 2358 1073 2386 se
1124 2344 1256 2386 fuisse
1304 2345 1421 2401 apud
1471 2345 1686 2387 Assisium
1724 2346 1772 2387 iu

371 2407 482 2450 sesto
521 2408 562 2450 S.
602 2409 832 2461 Francisci,
877 2414 921 2452 et
963 2411 1048 2453 fuit
1078 2411 1141 2454 ibi
1175 2427 1288 2469 papa
1317 2413 1561 2469 Gregorius,
1591 2416 1635 2455 et
1671 2428 1771 2455 cum

370 2476 617 2530 procederet
653 2477 710 2517 ad
759 2477 1081 2532 praedicandum
1124 2481 1364 2523 cantabant
1414 2481 1580 2531 fratres,
1627 2481 1770 2524 Hunc

369 2543 565 2586 Sanetus
610 2544 926 2600 prceclegyercet;
990 2551 1034 2589 et
1104 2548 1286 2590 subrisit
1342 2563 1463 2605 papa.
1554 2548 1768 2591 Narravit

369 2614 516 2652 autem
552 2626 664 2667 papa
704 2612 750 2653 in
791 2613 867 2654 illa
900 2614 1207 2669 praedicatione
1253 2617 1440 2672 qualiter
1475 2617 1592 2673 apud
1629 2617 1768 2659 Vene-

368 2677 452 2718 tias
487 2678 572 2719 duo
600 2679 891 2722 haeresiarchae
922 2684 1116 2724 conversi
1157 2686 1272 2735 sunt,
1297 2688 1340 2726 ct
1383 2684 1502 2726 missi
1535 2685 1590 2726 ad
1623 2685 1765 2741 ipsum

369 2759 466 2785 cum
514 2745 672 2787 litteris
725 2748 1020 2801 cardinalium,
1065 2751 1139 2805 qui
1193 2752 1256 2793 ibi
1303 2755 1428 2794 erant
1473 2752 1618 2808 legati,
1669 2767 1765 2794 con-

368 2813 611 2854 tinentibus
660 2816 774 2869 quod
816 2817 944 2859 ambo
993 2818 1057 2859 illi
1103 2819 1295 2861 haeretici
1329 2836 1417 2862 una
1453 2824 1579 2863 nocte
1613 2821 1761 2862 eadem

367 2881 473 2921 hora
526 2882 732 2926 viderunt
781 2883 1019 2927 Dominum
1079 2890 1278 2929 nostrum
1332 2888 1485 2930 Jesum
1536 2888 1759 2931 Christum
