1905 3180
427 303 512 344 338
916 308 1020 339 ΑΒΕ
1054 308 1114 339 DE
1144 307 1340 339 IvIARISCO

428 433 630 475 Yerenda
652 437 716 474 est
738 433 783 474 in
805 432 884 473 hac
905 435 1028 488 parte
1054 432 1348 487 peccaminum
1371 430 1634 472 obsistentia.
1690 428 1829 484 Major

427 506 573 544 tamen
606 505 670 543 est
703 501 919 543 Altissimi
951 500 1241 542 misericordia
1272 515 1402 556 quain
1434 503 1581 541 nostra
1612 499 1792 541 miseria.

207 584 348 615 Thomas
487 570 648 611 Actum
671 572 735 611 est
756 568 943 610 vicissim
966 583 1041 624 per
1062 568 1131 609 vii.
1155 568 1246 609 dies
1268 570 1370 609 ante
1392 567 1701 609 coniectionem
1722 581 1829 622 prae-

204 627 379 712 ἓὲρξξέἴξᾶ
431 638 620 680 sentium
662 638 778 693 apud
820 636 1125 678 cancellarium
1168 639 1211 677 et
1253 636 1485 691 magistros
1526 635 1828 677 universitatis

202 716 332 755 Regem:
348 713 387 745 of
433 706 626 755 Oxoniae,
649 710 701 747 ut
728 706 780 746 de
802 704 1030 746 benedicto
1059 718 1206 745 eorum
1228 718 1403 744 assensu
1425 703 1669 744 carissimus
1696 703 1830 744 frater

203 759 358 837 ἓζᾌῖᾞ
377 757 412 790 in
432 774 618 816 Thomas
647 774 698 814 de
722 773 925 822 Eboraco,
948 773 1006 814 sit
1034 772 1277 814 benedictio
1301 771 1451 813 divino
1477 771 1670 821 Nomini,
1703 785 1829 827 prop-

430 845 497 884 ter
529 842 811 883 eminentiam
843 841 985 890 moris,
1022 840 1200 895 ingenii,
1230 839 1505 891 litteraturae,
1536 842 1581 880 et
1606 839 1830 894 experien-

429 911 514 959 tiae,
548 910 664 965 apud
689 923 869 965 magnos
904 912 947 950 et
984 908 1145 949 multos
1183 907 1548 957 commendabilis,
1582 907 1829 949 cathedram

429 978 644 1019 ordinarie
665 977 842 1032 regendi
864 979 910 1017 in
928 976 1072 1018 Sacris
1096 976 1333 1032 Scripturis
1354 976 1612 1017 ascenderet.
1665 976 1830 1017 Extitit

427 1049 574 1087 autem
597 1045 825 1092 obtinendi
848 1045 1092 1094 difficultas,
1115 1044 1422 1098 objicientibus
1448 1044 1588 1085 eidem
1610 1043 1829 1098 aliquibus

428 1113 543 1170 quod
587 1127 861 1168 nequaquam
906 1113 954 1153 in
995 1113 1261 1154 litteralibus
1298 1112 1462 1153 rexerit
1494 1112 1825 1154 cathedraliter:

427 1196 583 1237 anceps
628 1181 945 1236 expectabatur
981 1184 1164 1222 eventus
1200 1195 1328 1236 super
1366 1180 1444 1221 hoc
1480 1181 1527 1220 in
1567 1179 1830 1235 profectione

426 1250 653 1304 portitoris
676 1248 985 1305 praesentium.l
1039 1249 1275 1290 Benedicta
1307 1248 1365 1289 sit
1396 1248 1534 1303 gloria
1565 1247 1746 1289 Domini
1777 1248 1829 1290 de

426 1317 519 1359 loco
552 1321 701 1359 sancto
733 1332 821 1367 suo,
856 1317 1063 1373 quicquid
1094 1331 1289 1371 unquam
1321 1316 1448 1357 nobis
1480 1316 1656 1357 accidat.

199 1395 340 1438 Regrets
353 1399 410 1428 not
489 1385 554 1427 De
585 1385 698 1426 facto
730 1385 816 1434 illo,
850 1400 927 1441 pro
961 1399 1045 1440 quo
1077 1385 1355 1440 praesentiam
1396 1387 1589 1426 vestram
1620 1384 1712 1425 vice
1744 1384 1829 1426 mei

199 1440 395 1524 {ffiffii'ssffin
429 1453 712 1496 amicissimus
744 1456 877 1508 pater,
910 1453 1045 1495 frater
1078 1453 1108 1494 J
1112 1454 1302 1494 ohannes
1335 1456 1477 1494 custos
1501 1453 1696 1502 Oxoniae,
1733 1467 1829 1508 sup-

201 1534 236 1559 to
252 1529 343 1559 leave
428 1521 598 1578 pliciter
619 1521 737 1563 adire
760 1522 984 1570 consensit,
1009 1521 1131 1563 doleo
1153 1522 1388 1563 admodum
1421 1521 1536 1577 quod
1556 1532 1830 1577 nequaquam

201 1571 364 1614 England.
426 1590 592 1645 placuit
623 1589 855 1644 provisivae
886 1590 1169 1645 paternitatis
1201 1589 1463 1639 discretioni,
1486 1590 1721 1631 secundum
1747 1590 1830 1631 for-

426 1671 541 1698 mam
574 1671 670 1711 quae
702 1657 842 1713 petita
862 1656 1005 1705 fuerit,
1039 1657 1209 1698 litteras
1242 1657 1470 1699 concedere
1503 1672 1631 1713 super
1649 1653 1829 1700 *recessu

424 1739 520 1766 meo
537 1739 562 1766 a
583 1738 716 1779 regno
733 1725 918 1780 Angliae,
935 1739 1031 1766 cum
1053 1724 1132 1766 hoc
1154 1725 1275 1766 nulla
1296 1725 1543 1767 conditione
1564 1725 1650 1766 nisi
1672 1740 1829 1781 praeur-

423 1792 547 1847 genti
593 1792 850 1833 necessitate
900 1792 1144 1847 compulsus
1192 1793 1405 1849 eligerem.
1469 1793 1608 1835 Credo
1639 1808 1827 1849 namque

424 1860 539 1916 quod
571 1860 605 1901 si
639 1860 830 1902 obtentae
866 1860 1051 1901 fuissent
1081 1875 1108 1901 a
1145 1861 1348 1902 clementi
1391 1862 1640 1903 sanctitatis
1672 1865 1828 1904 vestrae

425 1928 819 1983 circumspectione,
859 1929 1012 1970 saltem
1049 1929 1105 1969 ad
1148 1931 1320 1985 tempus
1357 1929 1569 1982 valiturae,
1592 1930 1826 1985 plurimum

423 2010 499 2051 per
542 2010 715 2037 omnem
756 1996 933 2037 modum
985 1996 1250 2052 prodessent,
1302 2011 1391 2038 non
1442 1998 1534 2039 sine
1587 1997 1826 2040 desiderato

423 2064 582 2104 affectu
604 2065 659 2105 ad
688 2078 835 2119 pacem
867 2065 1052 2119 pectoris
1082 2068 1126 2106 et
1148 2065 1301 2106 salutis
1322 2065 1562 2120 profectum
1584 2066 1631 2106 in
1655 2066 1825 2108 Christo

424 2131 453 2172 J
457 2146 530 2172 esu
559 2131 748 2172 Domino
770 2136 929 2173 nostro.
994 2133 1179 2187 Propter
1201 2133 1284 2174 Dei
1308 2133 1481 2183 Filium,
1505 2135 1541 2174 si
1563 2134 1683 2175 aliud
1704 2134 1826 2176 vobis

425 2198 618 2253 Spiritus
636 2199 719 2239 Dei
751 2214 839 2241 non
871 2201 1133 2256 suggesserit
1155 2201 1305 2251 adhuc,
1340 2216 1413 2243 oro
1445 2203 1681 2244 studiosius
1712 2215 1825 2245 nunc

424 2269 554 2307 tacta}
585 2267 789 2321 petitioni
822 2268 877 2308 ad
908 2272 1062 2310 votum
1098 2270 1328 2319 attendite,
1361 2271 1682 2312 considerantes
1713 2271 1825 2312 inter

425 2336 572 2374 tantas
601 2335 958 2375 succrescentium
980 2337 1305 2391 oppressionum
1326 2339 1555 2393 voragines
1577 2339 1734 2380 affectu
1754 2352 1824 2394 pa-

425 2404 550 2442 terno
588 2401 765 2442 filialem
807 2403 997 2444 animam
1040 2405 1171 2446 anxie
1215 2405 1528 2461 deprecantem.
1603 2406 1834 2448 Rescribet'

426 2468 552 2509 vobis
588 2469 635 2508 in
677 2469 810 2518 brevi,
856 2470 1046 2512 Domino
1088 2473 1290 2528 propiti0‚
1334 2474 1638 2515 dilectissimus
1689 2477 1820 2529 pater,

425 2535 558 2576 frater
603 2536 643 2577 «Ι.
667 2540 810 2578 custos
846 2537 1038 2589 Oxonize,
1075 2554 1202 2597 super
1230 2541 1284 2582 iis
1314 2556 1411 2599 quae
1447 2545 1671 2585 occurrent
1702 2541 1821 2585 vobis

426 2603 744 2645 innotescenda.

471 2770 479 2788 ¹
506 2769 574 2799 For
604 2769 658 2800 the
686 2770 875 2802 contentioni
899 2773 1093 2805 occasioned
1162 2776 1201 2807 ed
1217 2776 1445 2809 Normanville
1472 2788 1506 2810 as
1522 2778 1652 2810 Reader
1667 2778 1702 2809 in
1718 2777 1819 2809 Theo·

426 2823 471 2862 by
510 2821 576 2852 this
611 2821 846 2861 appointment‚
897 2834 950 2855 sce
987 2824 1090 2865 Epist.
1161 2828 1239 2870 logy
1263 2834 1296 2860 at
1320 2830 1458 2863 Oxford.
1505 2830 1566 2863 Sec
1589 2831 1770 2869 Eccleston,
1790 2839 1818 2870 p.
1868 2833 1870 2857 ἴ

428 2873 567 2906 CXCII.
616 2873 761 2907 Thomas
778 2875 817 2906 of
829 2876 922 2907 York
938 2879 1090 2909 succeed‹
1160 2884 1212 2913 39.
