1905 3180
392 248 607 279 FRATRPM
638 250 855 282 MINoRUM
888 253 1143 287 Loxnsmmz.
1374 254 1396 289 Γ)
1411 254 1418 290 Ι
1433 253 1454 289 Γ)

122 373 236 414 Item
267 372 401 414 frater
432 377 476 415 et
502 374 702 414 dominus
737 374 952 417 Robertus
987 378 1089 432 Lyle
1122 380 1223 420 111110
1256 382 1306 421 de
1341 383 1454 427 Lx‘lo,

65 444 107 483 et
137 441 412 496 postmodum
456 445 552 496 post
595 445 779 482 mortem
823 444 969 484 uxoris
1001 460 1088 487 sua¹
1124 447 1318 488 habitum
1363 429 1455 490 reli-

63 508 200 564 gionis
231 508 426 563 sumpsit,
471 512 515 549 et
556 509 603 549 in
628 509 869 550 subsidium
912 512 1096 554 ecclesi-ae
1129 516 1342 568 praedictw
1376 534 1451 558 ccc.

63 575 191 616 libras
222 575 539 631 sterlingorum,
564 580 607 617 et
648 576 788 617 multa
821 577 906 617 alia
946 579 1059 620 bona
1100 581 1200 622 fecit
1237 583 1441 624 fratribus

63 643 110 684 in
159 642 331 698 speciali
372 646 416 684 et
457 643 505 683 in
549 644 779 693 communi,
835 645 947 686 sicut
990 646 1035 686 in
1078 648 1365 690 instrumento
1408 652 1448 690 111

63 692 183 766 {arte
236 712 359 765 patet
419 709 521 751 inde
575 711 779 752 confecto.
866 712 981 763 Quia
1030 715 1167 755 muita
1217 716 1301 756 alia
1341 717 1453 757 bona

63 777 307 819 habuerunt
347 777 502 819 fratres
544 781 641 833 post
686 783 871 820 mortem
903 795 1025 821 suam
1066 796 1140 835 per
1170 783 1308 823 multa
1348 787 1454 824 tem-

63 859 174 901 pora,
209 859 285 900 per
316 860 470 886 manus
504 850 783 887 executorum
806 861 990 897 suorum,
1037 863 1132 902 quae
1174 850 1216 889 111
1252 851 1454 904 praedicto

62 913 350 954 instrumento
371 927 459 954 non
490 913 779 955 continentur.
844 914 979 969 Cujus
1008 917 1164 957 animae
1198 918 1454 972 propitietur

63 979 188 1022 Deus.
220 980 372 1021 Amen.

123 1047 238 1089 Item
292 1047 637 1090 Bartholomaeus
699 1049 751 1090 de
794 1048 1032 1097 Alemania,
1072 1054 1291 1101 mercator,
1336 1052 1454 1092 dedit

63 1115 110 1157 in
144 1115 383 1157 subsidium
416 1116 602 1158 ecclesiae
633 1117 839 1171 predicta}
876 1118 930 1157 xl.
968 1117 1098 1159 libras
1140 1119 1452 1174 sterling-(mun,

64 1186 108 1224 et
138 1198 178 1225 x.
214 1183 346 1224 libras
387 1198 465 1239 pro
507 1188 734 1225 conventu.

121 1251 225 1293 Post
264 1251 356 1293 haec
397 1252 519 1293 venit
550 1252 841 1293 illustrissima
863 1252 1047 1301 domina,
1078 1253 1249 1293 domina
1276 1253 1457 1294 Isabelia

63 1319 221 1375 regina,
250 1323 391 1361 mater
433 1319 640 1361 Edwardi
687 1319 833 1368 Tertii,
874 1324 918 1361 et
960 1320 1185 1361 inveniens
1227 1321 1455 1368 ecclesi-am,

65 1401 193 1442 quam
233 1388 384 1443 regina
425 1387 683 1443 Margareta,
736 1387 871 1428 amita
921 1402 1011 1439 sua,
1052 1388 1225 1443 incepit,
1267 1389 1457 1428 nondum

63 1454 305 1510 perfectam,
379 1455 454 1496 sed
524 1454 843 1510 incmnpletam,
908 1456 1183 1510 septingenta
1244 1456 1375 1496 libras
1416 1459 1459 1496 et

65 1522 248 1578 amplius
270 1522 382 1564 circa
414 1537 508 1563 eam
541 1522 761 1578 expendit.

123 1589 248 1632 Idem
280 1590 457 1631 domina
488 1590 700 1645 Philippa,
736 1589 820 1631 Dei
851 1590 995 1645 gratia
1026 1590 1178 1645 regina
1211 1589 1385 1645 Angli-ae
1418 1594 1461 1630 et

65 1672 175 1699 uxor
220 1657 429 1699 Edwardi
474 1657 574 1709 III„
621 1658 742 1698 dedit
789 1657 836 1698 in
867 1658 1108 1699 subsidium
1141 1658 1325 1699 ecclesiae
1356 1672 1462 1712 prze-

67 1725 190 1767 dictae
222 1725 359 1767 xlviii.
398 1725 471 1767 lib.
505 1725 598 1766 xiii.
634 1725 709 1767 sol.
746 1726 802 1767 iv,
818 1726 855 1767 d.
919 1725 978 1767 Et
1009 1726 1065 1766 ad
1096 1726 1461 1780 cooperimentum

67 1793 252 1836 ecclesiae
282 1792 375 1834 xiii.
408 1792 480 1835 lib.
513 1793 570 1835 vi.
603 1793 677 1835 sol.
708 1793 798 1834 viii.
819 1793 855 1834 d.

124 1861 239 1903 Item
295 1861 511 1902 Robertus
584 1860 781 1916 Lovelyn
837 1875 877 1901 v.
939 1860 1082 1909 libras,
1143 1863 1187 1901 et
1240 1860 1269 1900 J
1274 1859 1460 1900 ohannes

68 1927 222 1970 Enfeld
262 1943 334 1970 xx.
372 1943 557 1979 marcas„
636 1928 696 1969 Et
738 1929 797 1969 sic
842 1943 917 1983 per
949 1928 1026 1969 hos
1060 1931 1104 1968 et
1145 1927 1249 1968 alios
1283 1927 1459 1967 devotos

67 1996 324 2052 completum
358 2000 423 2037 est
464 2010 570 2051 opus
613 1996 870 2052 praedictum
917 1996 964 2037 in
999 1995 1125 2036 annis
1164 1995 1281 2046 xxi.;
1321 1994 1461 2048 incep-

67 2066 160 2106 tum
204 2064 320 2106 enim
360 2067 454 2106 erat
494 2074 771 2107 Mcccxxvn.

720 2235 798 2279 VI.

414 2326 489 2371 Dev
519 2327 776 2372 Vitratione
809 2327 1147 2370 Feozestwcwum.

129 2433 233 2479 Post
285 2439 703 2480 consummationem
750 2437 888 2493 operis
917 2440 961 2477 et
998 2433 1313 2489 coopertionem
1354 2429 1463 2485 ejus-
1482 2440 1623 2483 Glazing

73 2503 167 2546 dem
227 2510 535 2561 consequentes
586 2506 794 2548 fenestras
845 2505 1134 2551 vitiaverunt,
1187 2500 1257 2541 vel
1311 2497 1462 2539 vitrari
1480 2486 1644 2561 gigiiiiws.

33 2575 37 2578 ’
70 2570 259 2615 fecerunt
290 2574 418 2615 amici
455 2578 499 2615 et
540 2573 809 2629 coadjutores
842 2571 956 2612 infra
991 2569 1166 2624 scripti:

130 2639 343 2696 Inprimis,
398 2642 641 2697 incipiendo
684 2641 739 2682 ab
781 2640 946 2681 oriente
1000 2638 1047 2678 in
1107 2636 1257 2683 fronte,
1303 2632 1462 2673 scihcet

68 2707 153 2748 tres
198 2707 407 2750 fenestras
442 2709 666 2765 [quarum]
714 2708 858 2764 prima
890 2719 1038 2747 versus
1079 2704 1263 2750 boream,
1308 2698 1459 2740 vitrari

71 2771 170 2816 fecit
200 2775 490 2818 illustrissima
512 2777 699 2827 domina,
730 2775 905 2818 domina
941 2771 1124 2814 Isabella
1144 2769 1302 2825 regina,
1326 2768 1462 2806 mater

75 2837 277 2885 Edwardi
319 2843 408 2886 III.

1136 2914 1168 2944 K
1198 2913 1231 2943 K
1262 2903 1287 2942 2
