1905 3180
450 246 535 286 310
937 251 1042 283 ADAE
1075 252 1135 281 DE
1165 250 1360 282 MAmsco

445 383 579 423 prope
620 366 781 423 positos
830 366 1016 422 regalem
1066 365 1281 408 declinare
1322 366 1609 421 praesentiam,
1654 367 1845 408 maxime

445 450 542 476 cum
580 435 726 491 vigeat
768 449 906 484 causa,
951 449 1083 490 quam
1125 434 1328 475 dominus
1369 448 1447 475 rex
1488 449 1577 476 non
1618 435 1845 476 irrationa-

444 503 591 544 biliter
621 503 737 544 tanti
767 503 965 551 aestimat,
999 517 1078 544 nec
1108 502 1402 544 insolentioris
1433 502 1649 558 supercilii
1679 506 1844 552 notam,

443 584 521 611 nec
572 571 807 612 odibilioris
849 570 1182 626 ingratitudinis
1228 570 1561 622 oblocutionem,
1598 585 1678 612 nec
1718 570 1847 612 vehe-

443 639 667 680 mentioris
692 639 1006 695 indignationis
1035 642 1181 679 motus
1202 638 1488 693 aliquatenus,
1512 638 1623 680 sicut
1644 638 1844 687 creditur,

443 706 697 762 effugeretis.
761 706 959 761 Denique
995 706 1184 747 illustres
1205 706 1340 747 animi
1371 706 1627 762 sapientum,
1661 720 1717 747 ex
1747 720 1845 747 con-

442 773 704 815 sideratione
747 774 1018 816 saecularium
1055 774 1415 829 phantasmatum
1451 774 1500 814 in
1530 773 1749 829 pomposis
1780 788 1846 815 so-

442 840 719 883 lemnitatum
762 842 1088 884 celebritatibus
1130 842 1318 883 nitorem
1358 841 1579 896 lanuginis
1615 841 1845 897 praeferen-

441 909 563 958 tium,
588 910 831 951 sublimiter
858 910 1093 966 proficiunt
1119 910 1175 950 ad
1197 909 1413 964 insignem
1444 909 1661 951 mendacis
1691 909 1846 951 mundi

442 980 750 1033 contemptum.
814 977 954 1034 Super
997 977 1144 1019 omnia
1185 977 1321 1019 verba
1368 977 1475 1019 vitae
1517 980 1668 1018 contra
1718 979 1846 1018 tanta

441 1045 597 1086 coelicae
639 1045 792 1087 salutis
834 1046 1023 1101 pericula
1064 1045 1298 1101 impavida}
1342 1045 1590 1087 sanctitatis
1633 1044 1845 1100 sapientia

439 1126 527 1153 non
569 1113 742 1162 tacebit,
788 1113 823 1154 si
864 1114 974 1155 hanc
1019 1113 1302 1169 inspiraverit
1350 1113 1407 1165 Is,
1445 1114 1520 1168 qui
1552 1113 1745 1154 omnium
1779 1115 1844 1154 est

439 1180 623 1229 Artifex,
669 1195 839 1223 omnem
888 1181 1054 1223 habens
1102 1181 1323 1227 xirtutem,
1368 1182 1525 1237 quique
1570 1184 1672 1222 ante
1722 1194 1843 1237 reges

439 1252 484 1289 et
525 1249 728 1303 praesides
774 1249 1036 1305 incogitatos
1080 1264 1297 1292 sermones
1342 1249 1646 1291 subministrat
1683 1248 1738 1290 ad
1778 1263 1843 1290 sa-

439 1315 585 1357 lutem.

499 1382 655 1425 Valeat
686 1385 809 1426 vobis
850 1384 1027 1428 invictfe
1069 1385 1246 1428 virtutis
1287 1385 1489 1428 salutaris
1539 1383 1754 1427 industria
1794 1383 1841 1425 in

441 1451 625 1504 Christo,
649 1456 726 1495 etc.

1022 1654 1250 1696 CLXXII.

435 1760 595 1807 Fratri
634 1760 705 1814 W„
741 1759 961 1807 Ministro
992 1766 1189 1821 Aozgylice,
1226 1766 1390 1809 Frater
1431 1763 1541 1808 Adeo
1573 1763 1767 1810 salutem
1797 1770 1836 1810 et

614 1833 854 1889 subjectam
877 1833 1032 1876 debita>
1065 1834 1313 1877 devotionis
1347 1834 1657 1877 obedientiam.

212 1946 417 2024 ξηῗῗῒὶὶέθθῦ
496 1952 592 1995 Ηο0
612 1968 692 2010 ago
713 1953 868 2005 littera,
886 1954 1001 2010 quod
1021 1954 1171 2011 lingua
1190 1969 1365 2012 nequeo.
1408 1954 1620 1997 Videlicet
1641 1953 1834 2010 alloquor

212 2020 371 2069 Countess
385 2039 422 2070 of
435 2021 757 2063 desiderabilem
788 2023 1130 2064 mansuetudinis
1150 2027 1306 2065 vestrae
1327 2023 1642 2079 paternitatem.
1694 2022 1834 2064 Juvat

210 2084 410 2160 {efligissjgeae
436 2089 549 2129 0111111
591 2103 696 2144 quos
738 2090 936 2131 salutaris
977 2091 1112 2132 nectit
1152 2091 1419 2133 necessitudo
1464 2106 1539 2147 per
1579 2091 1833 2146 scripturam

210 2138 347 2204 wiliter's
435 2156 663 2211 spirituum
695 2157 895 2200 exhibere
916 2160 1201 2214 praesentiam,
1228 2174 1324 2200 cum
1356 2159 1621 2215 personalem
1643 2158 1834 2200 excludit

211 2218 416 2294 ξξξὲἓῖὲὸἶὲθ·
435 2224 669 2265 necessaria
700 2225 969 2280 dispensatio.
1033 2227 1196 2268 Verum
1227 2226 1571 2268 intolerabilibus
1591 2229 1832 2268 vestrarum

210 2306 288 2345 glad
304 2311 338 2337 to
383 2288 387 2293 Α
436 2293 760 2347 occupationum
804 2293 1067 2349 jugitatibus
1118 2295 1491 2351 importunitatem
1543 2293 1700 2350 prolixi
1750 2308 1834 2335 ser-

208 2349 362 2429 ξέζξοὲῑὸ
435 2360 574 2400 monis
610 2360 812 2415 ingerere,
846 2377 932 2403 non
963 2366 1055 2404 tam
1089 2363 1335 2419 improbum
1362 2378 1490 2419 quam
1526 2362 1706 2403 noxium
1743 2361 1833 2403 fore

435 2428 596 2483 putavi.
642 2428 757 2479 Quid
788 2431 920 2486 ergo?
963 2431 1029 2472 Ut
1061 2431 1165 2486 quid
1196 2431 1366 2473 multa?
1422 2431 1554 2472 Porro
1595 2445 1731 2471 unum
1768 2432 1833 2471 est

433 2496 724 2537 necessarium.
792 2497 850 2538 Et
882 2498 986 2552 quid
1016 2499 1128 2540 hoc?
1188 2498 1345 2540 Nonne
1376 2498 1456 2539 hoc
1487 2498 1603 2553 quod
1634 2497 1832 2539 divinum

434 2563 614 2618 Moysen
632 2564 775 2605 docuit
798 2565 852 2615 Is,
878 2567 952 2620 qui
969 2567 1042 2618 ait,
1067 2571 1089 2588 “
1107 2567 1210 2608 Sine
1232 2581 1300 2608 me
1321 2565 1430 2607 nihi]
1451 2566 1629 2622 potestis
1649 2566 1785 2606 facere
1796 2563 1833 2616 ;''

432 2636 476 2673 et
517 2632 633 2682 alibi,
680 2638 701 2653 ‘⁴
717 2632 770 2673 In
804 2634 967 2675 mundo
1011 2649 1263 2690 pressuram,
1306 2635 1353 2675 in
1394 2647 1461 2675 me
1498 2638 1643 2675 autem
1684 2647 1831 2689 pacem

434 2705 455 2719 “
487 2699 766 2740 habebitis?
815 2700 873 2742 Et
894 2701 1033 2743 adhuc
1061 2703 1269 2757 inquiens,
1298 2707 1319 2724 ‘⁶
1336 2702 1452 2753 Quid
1472 2701 1551 2743 hoc
1573 2700 1703 2743 est?”
1736 2700 1833 2742 Hoc

431 2772 495 2808 est
527 2768 713 2821 profecto
746 2768 834 2809 sine
857 2783 941 2824 quo
963 2771 1154 2825 superior
1175 2771 1291 2811 locus
1321 2769 1592 2811 ecclesiastici
1612 2768 1832 2824 regiminis

431 2835 513 2875 nisi
543 2836 825 2890 provocandae
869 2837 1105 2879 Divinitati
1137 2842 1181 2880 et
1213 2838 1440 2893 perdendis
1472 2837 1697 2879 animabus
1742 2850 1830 2877 non
