1905 3180
246 1624 324 1657 Jan.
344 1623 430 1657 thh.

451 264 534 305 308
936 264 1041 296 ADAE
1074 263 1133 294 DE
1164 260 1360 292 MARIsco

449 395 582 436 animi
613 392 770 449 gestiat
807 388 1088 431 desiderium!
1156 385 1373 426 Caeterum
1407 384 1635 438 postquam
1673 378 1853 421 diutinis

450 460 772 504 vehementium
809 457 1086 499 conaniinum
1118 451 1339 493 instantiis
1373 465 1448 506 per
1483 450 1705 490 dominum
1741 446 1853 489 Oan-

452 530 711 572 tuariensem
742 530 886 567 actum
919 527 984 565 est
1007 523 1198 578 jugitate
1230 519 1472 569 infiexibili,
1505 520 1556 558 ut
1587 531 1684 558 cum
1717 530 1766 556 co
1798 514 1854 555 ad

456 599 609 640 Sedem
656 593 954 650 Apostolicam
1002 595 1094 631 tam
1142 602 1220 644 ego
1273 601 1404 642 quam
1448 586 1587 626 frater
1625 582 1856 639 Gregorius

454 665 827 721 proficisce1·ennu·,
862 661 942 701 hoc
990 659 1132 713 ipsum.
1178 654 1439 697 omnimodis
1476 653 1649 694 domino
1680 665 1780 707 rege
1812 653 1857 691 et

457 733 632 775 domina
672 731 821 786 regina
850 729 987 783 primo
1018 725 1191 780 quidem
1219 723 1477 773 volentibus,
1517 721 1590 762 sed
1622 720 1774 761 deinde
1807 722 1858 759 ut

457 813 720 842 moraremur
752 798 798 837 in
829 796 989 851 Anglia
1020 795 1259 835 memorata
1289 791 1438 846 regina
1469 792 1597 845 prout
1618 787 1761 829 valuit
1794 801 1858 827 sa-

456 872 645 925 tagente,
672 866 849 908 tandem
873 861 1184 905 obsistentibus
1213 859 1320 900 mihi
1346 857 1563 899 mandatis
1585 855 1857 912 Apostolicis,

458 941 502 978 et
524 934 781 977 auctoritate
815 931 1041 973 deficiente
1074 943 1150 985 per
1172 942 1304 983 quam
1339 927 1501 968 dictum
1536 926 1621 966 iter
1655 924 1861 979 arripere-

459 1002 583 1053 mus,l
630 1001 676 1042 in
720 1001 799 1042 hoc
835 999 992 1041 resedit
1029 996 1247 1053 perpensis
1284 994 1463 1036 sollicite
1499 1008 1643 1035 rerum
1685 993 1862 1033 circum—

461 1071 632 1112 stantiis
661 1070 802 1111 exitus
834 1065 1164 1115 deliberationis,
1188 1067 1239 1105 ut
1267 1062 1498 1119 praefatum
1530 1061 1766 1112 dominum,
1793 1074 1861 1100 me

461 1140 722 1188 remanente,
776 1134 984 1177 carissimi
1036 1133 1193 1174 fratres
1243 1131 1475 1187 Gregorius
1525 1129 1577 1171 de
1628 1128 1770 1169 Bosell
1819 1130 1863 1169 et

462 1207 600 1248 socius
642 1205 733 1260 ejus
785 1204 920 1244 frater
962 1202 1028 1243 W.
1073 1201 1125 1242 de
1168 1200 1423 1255 XVygornia,
1461 1213 1535 1254 per
1572 1196 1864 1239 obedientiam

464 1275 623 1316 eisdem
659 1276 711 1314 ut
744 1272 789 1313 in
823 1270 1083 1313 Vasconiam
1125 1271 1354 1324 pergerent
1387 1267 1554 1308 dudum
1587 1281 1612 1307 a
1643 1264 1770 1307 vobis
1800 1265 1865 1305 in-

459 1344 671 1397 junctam,
706 1340 1028 1389 comitarentur,
1063 1351 1283 1392 quousque
1312 1336 1366 1377 ob
1395 1335 1479 1377 iter
1514 1335 1575 1376 eis
1605 1337 1867 1376 occcurreret

466 1409 699 1451 auctoritas
741 1406 1003 1462 Apostohca,
1046 1420 1122 1460 per
1163 1419 1293 1459 quam
1341 1404 1397 1445 ad
1445 1402 1622 1444 Curiam
1670 1401 1867 1444 accedere

467 1478 671 1519 valerent.
738 1475 879 1526 Quam
921 1474 957 1514 si
1004 1473 1274 1527 contingeret
1319 1486 1407 1512 non
1461 1471 1668 1522 obtinere,
1719 1484 1868 1512 versus

469 1544 728 1587 Vasconiam
778 1542 1016 1584 tenderent.
1065 1540 1220 1595 Igitur,
1262 1540 1365 1595 ipsis
1416 1538 1797 1595 proficiscentibus,
1843 1553 1869 1579 a

471 1613 579 1655 inari
613 1625 825 1667 regressus
857 1624 952 1651 sum
984 1609 1050 1650 die
1082 1608 1199 1649 beati
1221 1607 1416 1656 Antonii,
1441 1607 1699 1648 mandatum
1732 1607 1870 1663 Apos-

471 1682 650 1723 tolicum
687 1678 804 1734 apud
836 1677 1061 1720 dominum
1093 1690 1238 1732 regem
1283 1678 1414 1731 prout
1458 1675 1663 1717 Salvator
1704 1674 1872 1718 dederit

473 1749 738 1805 expleturus.

534 1817 637 1857 Una
668 1828 765 1856 cum
787 1812 1032 1854 honorabili
1054 1811 1147 1853 viro
1171 1810 1307 1852 fratre
1334 1810 1412 1861 P„2
1436 1811 1641 1854 Ministro
1665 1812 1871 1864 Ooloniae,

474 1884 591 1927 omni
613 1896 786 1938 precum
809 1880 979 1936 piarum
1001 1880 1217 1920 instantia
1249 1879 1456 1935 supplico,
1480 1894 1638 1935 rogans
1671 1880 1874 1922 obnixius

475 1955 686 2008 quatenus
730 1949 934 1990 dilectum
978 1948 1158 1988 fratrem
1203 1947 1450 1999 Paulinum,
1495 1947 1570 2003 qui
1606 1962 1702 1989 cum
1740 1948 1874 1990 fratre

476 2021 670 2061 lValtero
695 2018 746 2058 de
771 2014 1027 2070 Maddeley3
1049 2018 1151 2056 ante
1174 2014 1342 2070 aliquot
1364 2015 1455 2056 dies
1484 2029 1560 2070 per
1582 2015 1873 2057 obedientiam

478 2085 707 2129 memorati
739 2083 931 2125 ministri
956 2083 1003 2123 in
1025 2083 1230 2138 Angliam
1265 2083 1404 2131 rediit,
1437 2083 1489 2123 de
1522 2088 1725 2125 consueta
1755 2084 1877 2125 latis-

479 2154 577 2195 simi
599 2154 717 2193 sinus
749 2151 977 2192 clementia
1008 2150 1138 2191 obvia
1169 2150 1402 2194 sedulitate
1434 2152 1645 2206 suscipere
1671 2155 1714 2193 et
1736 2152 1876 2193 confo-

479 2236 578 2263 vere
610 2220 683 2275 pia
711 2219 976 2274 paternitate
998 2217 1250 2273 dignemini,
1274 2218 1529 2259 meliorandi
1560 2218 1691 2260 moris
1723 2220 1876 2275 gratia,

481 2288 666 2330 cundem
689 2289 838 2328 sancto
866 2285 1051 2326 fratrum
1073 2285 1308 2341 provinciae
1331 2288 1489 2327 vestrae
1521 2286 1699 2342 collegio
1731 2302 1878 2343 aggre-

481 2358 642 2409 gantes.
706 2353 802 2393 Hoc
836 2353 951 2393 idem
993 2367 1268 2407 nequaquam
1310 2368 1386 2408 per
1427 2353 1592 2394 dictum
1629 2354 1877 2397 ministrum

483 2421 781 2476 interpellatus
814 2424 1002 2460 vestram
1036 2434 1140 2475 rogo
1173 2420 1523 2462 benevolentiam
1555 2422 1693 2463 modis
1725 2423 1880 2477 quibus

484 2489 608 2530 valeo
651 2488 702 2528 de
739 2486 918 2542 praefato
952 2487 1085 2528 fratre
1121 2487 1189 2528 W.
1226 2487 1277 2528 de
1320 2487 1531 2530 Maddele.
1595 2489 1726 2530 Mitto
1756 2490 1881 2531 vobis

485 2557 654 2596 litteras
675 2554 781 2595 mihi
803 2569 829 2594 a
845 2554 1082 2595 venerabili
1103 2558 1228 2609 patre
1250 2555 1424 2596 domino
1445 2555 1679 2598 Lincolniae
1701 2572 1727 2597 a
1749 2557 1880 2599 Curia

488 2623 736 2673 destinatas,
779 2621 915 2662 sciens
952 2636 1081 2676 quam
1117 2622 1174 2663 sit
1215 2621 1417 2678 benignae
1458 2623 1682 2665 sanctitati
1723 2628 1880 2667 vestrae

536 2798 543 2815 ¹
569 2797 758 2837 arripemur,
776 2795 850 2826 MS.
1251 2799 1263 2816 ³
1288 2797 1349 2830 See
1365 2796 1469 2838 Epist.
1489 2796 1662 2830 CXCVII.
1679 2809 1710 2830 n.

537 2850 548 2867 2
565 2848 662 2879 Peter
675 2847 712 2878 of
724 2846 943 2889 Tewksbury.
973 2847 1034 2878 See
1046 2857 1076 2887 p.
1091 2851 1141 2881 63.
