1905 3180
630 249 862 281 EPISToLaa
1356 245 1439 284 309

49 360 100 402 de
122 361 312 416 profectu
344 376 566 403 causarum
598 363 852 405 salutarium
874 364 976 406 lacta
997 364 1290 405 consideratio.
1354 365 1443 406 Au-

48 428 141 468 divi
172 429 300 469 etiam
338 430 451 483 quod
489 431 749 485 prosperatis
787 432 972 486 negotiis
1009 432 1147 472 dictus
1184 432 1383 472 dominus
1419 448 1445 472 a

50 495 182 536 Curia
222 511 318 537 cum
365 497 505 538 salute
546 499 792 540 revertitur.
869 499 975 549 Quae
1018 499 1224 554 praesenti
1266 499 1444 540 ca-rtulzc

45 562 202 603 desunt
240 563 545 606 dilectissimus
582 566 715 607 frater
748 567 788 607 J.
828 566 880 607 de
920 566 1130 607 Stanford
1165 571 1318 608 vestrae
1362 567 1445 607 dis-

47 631 248 672 cretionis
273 632 514 674 insinuabit
543 634 733 675 arbitrio.

105 697 260 740 Valeat
302 699 595 742 desiderabilis
632 705 788 744 vestr-ce
830 702 1109 757 paternitatis
1156 702 1442 752 incolumitas,

48 768 125 806 etc.

645 935 842 980 CLXXI.

74 1048 233 1092 Fratri
273 1050 342 1101 W„
373 1050 592 1094 Ministro
623 1052 818 1106 Anylioe,
853 1051 1013 1094 Frater
1044 1054 1097 1094 A.
1132 1054 1324 1096 salutem
1360 1053 1412 1096 ἱη

638 1121 848 1164 Domino.

105 1236 315 1294 Inspectis
343 1238 595 1294 diligentius
627 1242 671 1281 et
703 1239 869 1294 plenius
903 1240 1133 1282 intellectis
1163 1241 1438 1296 paternitatis
1457 1246 1490 1296 Ῑξ
1508 1246 1546 1277 of
1564 1246 1633 1287 opi-

43 1310 198 1348 vestrae
223 1307 390 1357 litteris,
421 1322 510 1348 non
536 1308 809 1348 obstantibus
834 1308 971 1348 causis
1003 1323 1108 1363 quas
1137 1313 1180 1349 et
1211 1309 1437 1350 efficaciter
1452 1291 1621 1366 {Jssogutsffi'tt
1627 1340 1661 1366 to

43 1378 86 1415 et
131 1374 366 1429 prudenter
409 1378 452 1416 et
495 1375 727 1416 salubriter
768 1378 860 1416 tam
905 1390 957 1417 ex
995 1376 1220 1417 attributis
1262 1378 1436 1432 negotio
1456 1360 1589 1428 cqmpfy

44 1457 173 1496 quam
194 1442 393 1498 personis,
419 1457 548 1497 quam
579 1447 623 1484 et
644 1443 973 1484 necessitatibus
1005 1444 1273 1494 obteiidistis,
1298 1445 1332 1486 si
1355 1460 1439 1500 quo
1457 1422 1657 1499 Ῐζξὲιῐὲξὶῃ,

42 1509 169 1550 modo
211 1510 304 1551 fieri
344 1515 487 1566 posset
524 1510 754 1565 quominus
783 1511 1071 1566 Wyntoniam
1108 1512 1164 1552 ad
1204 1513 1440 1554 instantem
1458 1500 1567 1542 mand.

43 1577 340 1620 Nativitatem
363 1578 543 1619 Domini
576 1578 844 1627 accederetis,
869 1579 1012 1620 visum
1035 1582 1102 1620 est
1123 1579 1249 1621 fratri
1272 1581 1336 1622 W.
1361 1581 1443 1621 Ba-

43 1644 182 1700 talye¹
217 1648 261 1687 et
293 1645 411 1694 mihi,
446 1646 561 1701 quod
597 1646 738 1702 ruptis
771 1647 972 1688 omnibus
1008 1647 1148 1689 modis
1181 1648 1442 1703 quibuscun-

44 1727 126 1768 que
156 1713 545 1769 importunitatum
577 1714 843 1763 detinentiis,
875 1714 921 1755 in
952 1714 1031 1756 hac
1062 1719 1187 1770 parte
1215 1717 1344 1771 regiis
1367 1732 1442 1758 vos

44 1784 217 1836 oportet
271 1781 568 1837 obtemperare
617 1781 846 1823 mandatis.
924 1781 1094 1837 Nempe
1141 1783 1220 1825 hoc
1269 1783 1441 1840 exigere

43 1849 220 1889 videtur
255 1849 388 1890 crucis
419 1849 682 1904 praedicatio,
719 1853 763 1890 et
796 1853 888 1890 tam
922 1850 1172 1891 solemniter
1207 1852 1441 1907 impetrata

45 1919 89 1957 et
124 1920 216 1957 tam
248 1916 480 1971 diligenter
512 1917 746 1965 commissa,
780 1919 951 1958 tantam
984 1918 1215 1973 praeferens
1245 1919 1437 1967 salutem,

44 1984 179 2025 tantis
200 1984 396 2039 agenda²
428 1983 638 2040 periculis,
662 1988 714 2025 tu
745 1985 997 2039 priusquam
1020 1985 1072 2027 de
1096 2000 1229 2041 regno
1263 1988 1436 2035 exeatis,

43 2051 238 2107 providae
260 2051 649 2107 circumspectionis
675 2052 916 2093 sollicitudo
938 2053 1201 2108 vigilantior,
1226 2058 1439 2109 quantum

43 2118 137 2160 fieri
168 2123 319 2174 potest,
357 2117 545 2161 Domino
578 2120 849 2169 concedente,
881 2121 937 2161 ad
979 2120 1213 2162 humanam
1257 2123 1440 2165 salutem

45 2190 88 2228 et
119 2187 316 2229 divinum
345 2187 553 2229 honorem
582 2190 832 2229 memoratae
869 2188 1192 2244 praedicationis
1226 2191 1440 2232 executio-

44 2268 144 2296 nem
193 2254 365 2311 dirigat,
411 2255 545 2311 juxta
582 2256 697 2310 quod
740 2269 794 2297 ex
847 2256 898 2297 iis
953 2272 1050 2312 quae
1103 2258 1297 2300 audituri
1339 2259 1440 2300 estis

45 2321 187 2365 doceri
223 2323 431 2378 poteritis.

104 2389 176 2431 Ad
220 2405 312 2432 rem
354 2391 483 2432 etiam
528 2389 743 2447 pertinere
787 2390 1058 2447 cognoscitur
1098 2396 1149 2434 ut
1190 2393 1439 2449 priusquam

45 2454 100 2499 ab
151 2458 315 2514 Anglia
364 2456 574 2500 recedatis
626 2457 801 2502 domino
842 2461 933 2516 regi
975 2465 1019 2502 et
1061 2459 1247 2504 dominae
1279 2464 1439 2518 reginze

45 2525 357 2576 valefacientes,
412 2525 645 2568 eorundem
697 2528 935 2583 patrocinio
996 2528 1217 2585 religionis
1279 2535 1439 2572 nostrae

47 2591 322 2635 devotionem
355 2594 402 2634 in
439 2594 614 2636 Christo
651 2596 1021 2637 recommendetis.
1088 2597 1213 2647 Quod
1245 2597 1280 2638 si
1312 2598 1439 2653 regim

45 2658 287 2715 majestatis
337 2661 546 2703 mandata
595 2662 852 2718 suscepistis,
904 2664 1175 2719 contingeret
1225 2679 1302 2706 vos
1348 2669 1439 2705 tam

108 2843 115 2864 ¹
145 2845 204 2877 See
222 2855 251 2887 p.
271 2849 347 2878 292.
721 2847 727 2890 1
769 2848 781 2866 ²
799 2847 862 2878 Sic.
