1905 3180
401 265 485 304 <252
870 271 978 302 ADAE
1011 269 1074 302 DE
1107 269 1304 303 MAmsco

198 411 303 451 Gyen,
319 408 369 440 his
420 394 576 436 curetis
622 394 713 436 sine
757 408 887 435 morae
935 393 1169 449 dispendiO,
1216 393 1449 435 secundum
1493 394 1607 449 quod
1650 393 1810 436 divinae

196 452 382 528 {i'iffiigrin-
416 462 520 517 legis
564 462 678 517 cogit
708 460 949 510 auctoritas,
983 464 1027 502 et
1057 461 1259 502 honestas
1302 461 1484 516 requirit
1526 461 1810 517 ingenuitatis

415 532 596 579 vest1·ae;
637 529 816 570 scientes
861 528 975 583 quod
1016 528 1207 584 praefatae
1251 529 1442 584 pecuniae
1489 529 1623 570 dilata
1655 529 1811 570 solutio

408 595 501 651 jam
545 611 570 637 a
607 596 756 638 multis
800 596 950 638 diebus
993 595 1236 637 modicitati
1280 611 1387 638 meae
1430 596 1630 638 ruborem
1661 595 1813 638 intulit

415 664 575 719 pariter
605 668 648 706 et
679 664 932 720 angustiam.

476 732 629 773 Valeat
679 732 779 773 fidei
822 734 977 772 vestrae
1023 730 1251 786 vigilantia
1291 731 1336 772 in
1369 730 1542 773 Christo
1573 745 1739 786 semper
1769 734 1813 772 et

415 799 662 840 beatissima
703 799 891 854 Virgine.
956 798 1137 854 Propter
1179 797 1498 841 formidandum
1544 798 1701 840 summi
1732 798 1762 840 J
1765 813 1812 839 u-

416 866 519 908 dicis
561 881 742 908 examen
782 866 983 908 advertat
1013 865 1171 907 indolis
1202 870 1359 908 vestrae
1407 865 1636 908 laudabilis
1666 866 1812 907 indus-

415 935 508 983 tria,
542 934 656 988 quod
687 933 919 976 secundum
948 933 1239 975 immutabiles
1270 933 1516 976 divinorum
1548 933 1811 988 eloquiorum

415 1000 650 1043 sententias
699 1001 935 1043 rectoribus
983 1001 1224 1042 animarum
1273 1002 1515 1043 consultum
1566 1001 1812 1042 nullatenus

416 1084 503 1110 esse
544 1068 712 1124 poterit,
751 1069 833 1110 nisi
864 1068 1084 1124 pascendis
1113 1069 1314 1125 gregibus
1346 1068 1583 1110 Dominicis
1613 1083 1689 1123 per
1719 1083 1814 1109 ver-

416 1136 519 1176 bum
561 1140 719 1177 sanctae
756 1136 1082 1192 praedicationis,
1116 1151 1192 1192 per
1231 1136 1477 1192 exemplum
1519 1139 1679 1177 sanctae
1716 1150 1813 1177 con—

417 1203 681 1253 versationis,
723 1218 799 1259 per
841 1203 1054 1255 affectum,
1102 1204 1184 1259 piae
1231 1203 1551 1259 deprecationis,
1583 1203 1629 1244 in
1672 1203 1813 1244 carnis

417 1271 711 1323 maceratione,
744 1271 790 1313 in
821 1271 957 1313 cordis
999 1271 1335 1327 compunctione,
1373 1271 1420 1312 in
1451 1273 1813 1313 sacramentorum

419 1339 743 1394 dispensatione,
801 1339 892 1380 sine
938 1339 1094 1394 quibus
1144 1339 1191 1380 in
1234 1339 1303 1380 die
1349 1339 1577 1381 reddendae
1635 1337 1814 1379 rationis

419 1405 568 1447 &eterni
594 1405 747 1461 judicii
778 1406 1076 1447 condemnatio
1108 1421 1195 1448 non
1226 1406 1434 1455 evaditur,
1459 1409 1535 1447 aut
1560 1419 1681 1447 curas
1709 1420 1814 1460 quas

419 1473 722 1515 damnabiliter
758 1477 1032 1528 usurparunt,
1070 1474 1174 1515 viris
1217 1473 1393 1515 facturis
1438 1474 1602 1515 fructus
1648 1488 1810 1524 earum,

419 1545 495 1582 aut
522 1540 719 1582 nesciunt
750 1544 826 1582 aut
856 1541 1021 1592 nolunt,
1054 1545 1105 1582 ut
1136 1545 1315 1597 oportet,
1342 1541 1579 1597 invigilare,
1603 1556 1657 1582 ne
1688 1555 1813 1596 prop-

417 1612 484 1649 ter
530 1608 794 1650 effraenatam
841 1607 1050 1649 bonorum
1098 1609 1472 1650 ecclesiasticorum
1516 1609 1811 1664 pervasionem

419 1676 616 1717 omnibus
645 1676 808 1718 saeculis
840 1676 1099 1718 horrendum
1132 1676 1354 1733 stupendae
1386 1676 1641 1732 proditionis
1672 1676 1814 1732 piacu-

418 1743 506 1784 lum
539 1744 783 1784 admittant.

478 1811 533 1851 In
564 1814 774 1852 {eternum
807 1811 960 1861 valeat,
994 1815 1070 1854 etc.

1044 1954 1229 1997 CXXII.

426 2040 537 2084 Viro
568 2041 827 2091 venerabili,
861 2041 1050 2084 domino
1078 2042 1121 2084 J.
1155 2042 1208 2084 (Ze
1243 2041 1470 2093 Omra-hale,
1514 2043 1674 2084 Frater
1703 2041 1812 2085 Λεία

551 2113 849 2164 (ιῑιῃνπεηΐῑωη
877 2109 1040 2164 gyratis&
1070 2114 1109 2152 et
1136 2109 1294 2165 [floria]
1319 2109 1672 2165 plenitudinem.

198 2210 286 2262 That·
299 2212 351 2244 his
478 2209 588 2251 Cum
621 2209 731 2251 sicut
761 2210 913 2252 melius
944 2211 1069 2252 novit
1110 2214 1254 2253 vestra
1287 2210 1496 2259 discretio,
1540 2210 1809 2261 Willielmus,

197 2257 344 2332 ζξῑιῇἷξζξζ
416 2291 645 2333 germanus
686 2292 814 2327 meus,
854 2277 1038 2320 ballivus
1080 2278 1132 2320 de
1178 2278 1393 2334 Bugeden,
1417 2278 1663 2333 frequenter
1698 2279 1812 2320 vale-

197 2343 382 2419 ῑῑέθΒΒῗγὲῐξῖ
417 2344 619 2386 tudinum
652 2349 945 2400 praegravetur
976 2346 1194 2396 molestiis,
1228 2349 1403 2402 propter
1434 2344 1548 2400 quod
1579 2345 1634 2388 ad
1664 2346 1812 2387 minis-

195 2398 399 2472 ‹1'1‚ay¹{)‘}({1¹},’.
418 2412 575 2453 terium
597 2409 762 2453 domini
793 2413 977 2469 episcopi
1019 2414 1071 2455 de
1102 2416 1265 2463 caetero,
1300 2413 1410 2455 sicut
1442 2415 1620 2469 oportet,
1654 2428 1811 2468 nequa-

197 2475 369 2551 iiiigllgueties
419 2494 547 2533 quam
578 2480 777 2522 videatur
822 2481 1010 2531 idoneus,
1053 2485 1242 2523 vestram
1293 2495 1396 2537 rogo
1444 2481 1715 2523 serenitatem
1761 2485 1812 2523 ut

196 2572 238 2592 on
255 2562 309 2594 the
419 2547 533 2602 apud
564 2547 725 2588 dictum
752 2548 973 2590 dominum
1006 2552 1198 2604 satagere
1227 2549 1382 2601 velitis,
1405 2549 1519 2604 quod
1549 2549 1690 2604 ipsum
1721 2549 1812 2590 sine

197 2606 357 2681 islclfflga‘itfh
418 2628 549 2655 morae
591 2615 811 2670 dispondio
851 2616 1069 2658 licentiare
1116 2617 1317 2673 dignetur
1356 2616 1492 2658 redire
1529 2616 1585 2658 ad
1629 2617 1810 2672 propria,

362 2675 368 2682 ’
418 2686 462 2723 et
495 2676 640 2723 domui
672 2697 759 2724 suae
792 2682 901 2724 sicut
933 2683 1144 2725 Dominus
1176 2683 1298 2726 dabit
1330 2684 1562 2740 disponere.

477 2745 632 2791 Valeat
677 2752 831 2793 vestrce
873 2749 1261 2808 circumspectionis
1302 2751 1514 2794 industria
1549 2751 1595 2793 in
1640 2750 1810 2794 Christo

419 2830 582 2872 semper
614 2821 690 2860 etc.
