1905 3180
430 226 444 263 1
459 224 512 263 22
916 231 1021 262 ADAE
1053 233 1114 262 DE
1144 231 1339 264 MAR1sco

1030 408 1198 450 XXIX.

690 518 891 561 Domino
933 517 1186 560 Livncolnioe
1227 518 1389 560 Frater
1429 517 1550 560 Ada.

203 636 362 675 leequests
487 620 561 661 Ad
596 621 800 662 devotam
838 635 1096 676 magnorum
1137 620 1377 662 multorum
1411 619 1684 671 instantiam,
1713 618 1831 661 Oxo-

203 679 358 754 §¹ssaeth
424 688 508 729 niae
560 689 845 737 studentium,
890 688 971 729 sub
1033 702 1083 729 ea
1145 703 1231 743 qua
1281 702 1508 743 possumus
1564 687 1830 729 humilitatis

203 767 284 807 Reg.
303 767 341 798 of
423 755 661 808 affectione,
706 757 954 798 sanctitatis
1004 759 1162 798 vestrae
1203 756 1286 812 pize
1323 755 1583 812 paternitati
1625 755 1831 797 obnixius

201 811 382 886 ξέᾟῑὲἕῖζ
423 824 629 879 supplico,
676 827 891 879 quatenus
943 824 1206 879 Margaretae
1248 824 1422 879 Virgini,
1460 823 1584 879 nepti
1629 823 1831 878 magistri

202 900 256 930 ted
269 899 338 930 into
350 900 405 930 the
426 892 659 947 Reginaldi
708 893 760 933 de
808 891 1056 943 Bathonia‚¹
1102 892 1183 933 sub
1222 892 1412 948 regulari
1454 891 1735 933 institutione
1782 892 1830 932 in

200 943 551 1019 {fflE‘tffi-{sffdomo
605 960 657 1001 de
711 959 970 1001 Godestowe
1013 959 1106 1001 Deo
1153 960 1356 1001 famulari
1390 959 1593 1015 cupienti,
1628 974 1758 1014 quam
1805 975 1829 1000 a

424 1027 576 1068 diebus
598 1028 748 1069 multis
785 1028 841 1068 ad
881 1027 962 1069 hoc
990 1027 1133 1082 ipsum
1175 1027 1419 1083 religiosius
1451 1028 1690 1079 educatam,
1722 1041 1831 1069 non-

425 1095 644 1137 nullorum
696 1095 916 1136 laudabile
968 1095 1271 1136 testimonium
1321 1095 1466 1137 reddit
1509 1095 1830 1137 commendabi-

424 1163 519 1214 lem,
554 1164 608 1205 ob
640 1163 1052 1219 contemplationem
1099 1163 1340 1205 Salvatoris
1372 1164 1419 1204 in
1451 1163 1699 1205 aemulando
1741 1178 1830 1206 suae

424 1231 578 1273 salutis
633 1232 821 1288 negotio,
870 1231 1065 1273 favorem
1112 1231 1374 1273 benevolum
1418 1232 1470 1272 de
1512 1234 1717 1273 consueta
1757 1232 1830 1273 be-

424 1300 570 1354 nignae
613 1300 907 1341 miserationis
960 1300 1262 1351 subventione,
1306 1299 1454 1341 velitis
1506 1299 1712 1341 exhibere
1756 1314 1831 1356 op-

424 1367 684 1422 portunius3
726 1370 778 1408 ut
811 1368 859 1408 in.
893 1371 1133 1409 memorato
1177 1367 1442 1409 monasterio
1486 1367 1533 1408 in
1575 1367 1829 1409 societatem

424 1435 673 1476 sanctitatis
707 1435 865 1490 suscipi
893 1436 1050 1486 valeat,
1084 1439 1129 1476 et
1162 1435 1325 1476 ibidem
1359 1435 1432 1490 pio
1457 1435 1587 1491 jungi
1619 1435 1828 1492 collegio;

424 1517 521 1543 cum
565 1506 616 1543 ut
671 1503 873 1544 intellexi
916 1503 1092 1544 domina
1135 1502 1376 1545 Abbatissa
1419 1506 1465 1544 et
1512 1502 1705 1557 ejusdem
1745 1504 1828 1545 loci

423 1573 672 1620 conventus,
718 1574 933 1626 quantum
970 1571 1017 1611 in
1059 1585 1103 1611 se
1137 1573 1213 1622 est,
1249 1570 1306 1611 ad
1341 1570 1477 1625 ipsius
1511 1571 1828 1626 susceptionem

423 1642 641 1693 promtam
672 1642 826 1694 gerant
858 1639 904 1679 in
932 1638 1127 1687 Domino
1158 1639 1445 1680 voluntatem.

483 1705 641 1747 Valeat
682 1709 840 1748 vestrae
892 1706 1183 1747 beatitudinis
1235 1705 1515 1747 incolumitas
1561 1705 1608 1746 in
1653 1705 1828 1749 Christo

423 1772 453 1813 J
456 1787 531 1814 esu
562 1788 730 1829 semper
760 1777 805 1815 et
836 1773 1087 1815 beatissima
1119 1774 1310 1828 Virgine.

484 1841 618 1882 Mitto
649 1841 774 1882 vobis
820 1842 1008 1883 cartulas
1055 1856 1194 1897 nuper
1239 1841 1348 1882 mihi
1380 1855 1406 1882 a
1437 1841 1586 1883 Janua
1631 1844 1676 1883 et
1713 1842 1828 1884 Lon-

422 1908 527 1950 dino
570 1909 860 1960 transmissas,
903 1910 939 1950 si
982 1909 1094 1951 forte
1145 1909 1192 1950 in
1238 1909 1324 1950 illis
1371 1909 1540 1964 aliquid
1585 1909 1829 1965 reperiatur

422 1977 536 2018 unde
567 1977 796 2019 certificari
827 1976 985 2018 velitis.

1051 2135 1193 2176 XXX.

680 2238 881 2280 Domino
918 2238 1177 2280 Lincolwice
1218 2238 1380 2280 Frater
1415 2237 1564 2280 Ada.2

199 2360 355 2394 Account
370 2364 409 2394 of
498 2344 625 2396 Quod
681 2344 802 2385 volui
855 2343 1119 2397 jamdudum
1179 2343 1254 2384 sed
1304 2357 1421 2398 nunc
1478 2343 1654 2384 demum
1700 2343 1824 2386 valeo

199 2405 403 2482 {Jffiffiffi'ges
420 2412 658 2469 longanimi
709 2414 867 2453 vestrae
919 2410 1167 2452 sanctitatis
1226 2410 1534 2466 expectationi,
1577 2424 1823 2466 processum

285 2477 304 2490 0

197 2494 327 2533 against
339 2496 393 2527 the
420 2481 622 2522 habitum
654 2479 721 2520 his
753 2478 905 2520 diebus
937 2478 982 2518 in
1017 2478 1136 2519 curia
1167 2477 1332 2518 domini
1366 2477 1491 2533 regis,
1525 2492 1653 2533 super
1693 2493 1824 2535 nego-

199 2536 361 2614 {ffflt‘ssgrt
420 2549 494 2590 tiis
524 2547 762 2598 Vaseoniae,
785 2546 1002 2602 inclytum
1034 2545 1237 2587 comitem
1273 2545 1532 2600 Leycestriae
1570 2546 1823 2602 contingen-

363 2608 370 2621 ‚

195 2624 247 2654 for
264 2625 314 2657 his
330 2629 386 2658 ad·
419 2617 550 2667 tibus,
582 2619 730 2657 tenore
758 2614 1040 2670 praesentium
1073 2613 1325 2654 summatim
1358 2613 1592 2654 innotesco.

464 2782 470 2799 ¹
491 2780 552 2812 See
568 2778 669 2820 Epist.
688 2778 814 2811 CXIV.
1198 2778 1210 2795 2’
1236 2776 1433 2808 Translated
1479 2778 1525 2819 by
1569 2777 1651 2810 Mrs.
1698 2777 1823 2811 Green.

1153 2830 1174 2846 “
1185 2829 1408 2862 Prinoesses,'’
1425 2829 1451 2861 I.
1469 2832 1544 2863 447.
