1905 3180
127 403 211 437 A-D.
232 403 323 433 1225,

129 1078 220 1111 John
238 1077 275 1108 of

129 1122 269 1163 Reding.

127 1290 342 1325 Rieh.Rufus.

139 1965 212 1997 The
223 1965 298 1996 eha-

139 2011 205 2051 rity
227 2009 265 2040 of

139 2054 309 2085 Founders

141 2099 206 2129 and
218 2098 324 2129 Bene-

141 2142 263 2173 factors
282 2155 289 2173 :

142 2207 175 2234 at
188 2202 325 2234 Canter-

141 2248 236 2288 bury.

149 2925 181 2952 at
191 2917 329 2951 London
343 2929 351 2955 ;

352 267 404 307 16
764 271 945 304 THOMAS
978 272 1038 303 DE
1071 270 1334 303 ECCLESTON.

349 392 509 434 cedatis
563 389 835 439 moderatius
876 387 1085 430 incedatis
1127 386 1391 428 moderatius
1410 389 1417 428 !
1436 385 1457 402 '’
1519 385 1606 428 Sed
1647 386 1756 429 alter

350 474 562 514 nusquam
599 462 748 513 postea
782 455 1032 512 comparuit.
1097 454 1156 497 Et
1189 455 1364 510 quidem
1393 454 1502 496 visio
1538 454 1631 496 haec
1667 469 1755 495 om-

350 528 477 569 nibus
520 526 593 581 qui
635 529 740 567 tunc
782 528 906 566 erant
947 524 993 565 111
1030 522 1192 579 Anglia
1233 521 1440 564 fratribus
1481 522 1625 577 potuit
1667 536 1757 563 esse

351 594 605 645 manifesta3
648 593 859 648 siquidem
898 592 1052 633 Frater
1083 591 1226 632 Adam
1259 594 1359 647 post
1390 590 1630 646 ingressum
1661 604 1758 646 pro-

352 664 487 705 fectus
516 665 582 704 est
613 662 669 703 ad
697 661 860 717 Papam
892 659 1161 716 Gregorium,
1194 674 1220 700 a
1251 673 1347 715 quo,
1382 658 1616 699 secundum
1643 658 1758 713 quod

353 734 590 787 optaverat,
624 730 779 771 missus
809 733 874 771 est
905 729 960 770 ad
993 726 1316 783 praedicandum
1348 726 1463 768 inter
1494 725 1758 775 Saracenos3

353 800 427 842 sed
464 800 578 855 apud
614 799 798 847 Barlete,
835 797 936 839 socii
970 796 1037 838 sui
1070 799 1253 837 mortem
1285 794 1526 851 precedens,
1559 793 1679 844 obiit,
1715 797 1760 835 et

353 872 460 924 post,
497 872 547 909 ut
581 867 749 916 dicitur,
788 866 927 908 clarus
964 864 1181 906 miraculis
1219 863 1390 905 effulsit.
1456 861 1649 903 Intravit
1685 876 1758 903 au-

353 941 442 978 tem
475 935 573 977 Ada
607 936 659 978 de
693 933 876 976 Marisco
911 933 1026 990 apud
1055 932 1336 989 Vygorniam,
1365 930 1456 973 zelo
1483 930 1643 974 scilicet
1671 944 1760 974 ma-

349 1021 366 1059 1
374 1004 456 1045 oris
478 1002 756 1059 paupertatis.

417 1072 521 1114 Post
573 1072 651 1113 hos
707 1070 891 1112 intravit
946 1070 1099 1111 Frater
1151 1069 1180 1110 ,J
1185 1068 1375 1110 ohannes
1430 1068 1482 1109 de
1536 1066 1759 1123 Redingia,

359 1142 491 1183 abbas
527 1139 751 1196 Osengyae,
796 1139 871 1195 qui
906 1138 1032 1181 nobis
1074 1136 1214 1179 omnis
1254 1135 1528 1193 perfectionis
1565 1135 1763 1192 exempla

359 1208 544 1263 reliquit.
1699 1193 1703 1194 ⁷

422 1277 526 1318 Post
574 1276 689 1318 hunc
743 1288 915 1330 quoque
968 1275 1175 1330 magister
1225 1272 1435 1315 Ricardus
1483 1271 1634 1321 Rufus
1672 1274 1763 1313 tam

365 1344 547 1387 Oxoniae
578 1358 708 1399 quam
740 1343 915 1385 Parisiis
947 1342 1062 1384 fama
1093 1341 1362 1384 clarissimus.

423 1413 707 1454 Intrawerunt
739 1425 908 1467 quoque
939 1411 1099 1452 milites
1124 1409 1351 1461 nonnulli;
1384 1408 1544 1450 scilicet
1566 1406 1765 1450 dominus

364 1481 572 1523 Ricardus
611 1479 792 1530 Gobion,
832 1478 1030 1521 dominus
1069 1478 1249 1534 Egidius
1292 1477 1344 1518 de
1390 1476 1520 1526 Mero,
1566 1475 1765 1516 dominus

362 1549 548 1590 Thomas
600 1547 835 1604 Hispanus,
886 1546 1085 1588 dominus
1141 1545 1357 1587 Henricus
1410 1545 1462 1586 de
1516 1543 1767 1599 Walepole3

362 1618 413 1659 de
448 1631 631 1672 quorum
664 1616 860 1672 ingressu
896 1614 1010 1657 dixit
1044 1613 1242 1655 dominus
1277 1612 1386 1668 Roy,
1427 1617 1448 1633 “
1466 1611 1514 1653 Si
1542 1610 1767 1653 volueritis

361 1700 451 1727 esse
498 1683 671 1726 discreti
711 1684 758 1724 in
798 1682 1006 1724 fratribus
1047 1680 1312 1737 recipiendis,
1357 1680 1392 1721 si
1434 1693 1522 1720 non
1570 1693 1768 1735 procura-

361 1752 512 1795 veritis
552 1751 779 1808 privilegia
827 1751 882 1792 ad
928 1750 1246 1806 oppressionem
1289 1748 1526 1798 hominum,
1577 1750 1621 1789 et
1662 1762 1768 1802 pree-

362 1821 484 1876 cipue
526 1820 562 1861 si
603 1834 691 1861 non
739 1818 909 1860 fueritis
950 1816 1189 1874 importuni
1235 1816 1281 1858 in
1330 1816 1527 1872 petendo,
1570 1815 1768 1872 poteritis

363 1887 592 1944 principari
624 1885 924 1943 principibus.''

424 1956 527 1997 Post
555 1955 634 1997 hoc
667 1958 879 1997 crescente
916 1968 1095 1996 numero
1127 1953 1322 2003 fratrum,
1357 1956 1402 1995 et
1433 1966 1582 1994 eorum
1613 1951 1770 1993 sancti-

365 2027 455 2066 tate
493 2026 720 2078 comperta,
756 2022 892 2064 crevit
925 2026 970 2064 et
1002 2022 1198 2063 fidelium
1243 2020 1417 2063 devotio
1456 2020 1503 2061 in
1539 2034 1621 2070 eos,
1656 2020 1770 2061 unde

366 2092 456 2133 loca
508 2091 589 2132 sibi
646 2090 934 2146 competentia
990 2089 1216 2145 providere
1268 2091 1537 2130 curaverunt.
1629 2086 1772 2143 Igitur

369 2158 616 2200 Cantuariae
658 2158 843 2200 contulit
890 2157 950 2199 eis
992 2172 1136 2199 aream
1179 2156 1407 2212 quandam,
1454 2159 1498 2197 et
1538 2154 1772 2197 {edificavit

368 2226 573 2281 capellam
615 2226 719 2267 satis
761 2226 987 2267 honestam
1029 2240 1106 2281 pro
1148 2228 1351 2280 tempore,
1397 2223 1597 2266 dominus
1639 2222 1773 2264 Alex-

369 2293 511 2342 ander,
547 2293 752 2348 magister
784 2292 1026 2349 Hospitalis
1060 2292 1368 2342 Sacerdotum3
1400 2295 1444 2333 et
1484 2291 1587 2347 quia
1618 2290 1774 2332 fratres

368 2361 478 2401 nihil
512 2360 685 2401 omnino
719 2361 994 2417 appropriare
1026 2360 1110 2402 sibi
1137 2360 1381 2409 voluerunt,
1411 2358 1525 2400 facta
1561 2361 1626 2400 est
1661 2372 1774 2399 com-

369 2428 575 2469 munitati
616 2427 806 2469 civitatis
857 2428 1038 2484 propria,
1083 2427 1289 2469 fratribus
1340 2440 1442 2469 vero
1483 2440 1561 2482 pro
1612 2425 1773 2467 civium

370 2495 499 2536 libitu
532 2496 807 2537 commodata.
872 2495 1186 2552 Specialissime
1223 2509 1325 2536 vero
1358 2496 1669 2550 promoverunt
1702 2507 1773 2534 eos

372 2560 569 2603 dominus
602 2562 767 2618 Symon
801 2564 852 2605 de
886 2564 1122 2619 Longeton,
1157 2562 1480 2604 archidiaconus
1514 2560 1771 2610 Cantuariae,

372 2634 415 2671 et
467 2630 664 2671 dominus
725 2631 940 2673 Hem-icus
998 2631 1050 2672 de
1106 2630 1338 2685 Sandwyg,
1394 2629 1552 2670 nobilis
1604 2642 1772 2684 quoque

372 2697 596 2747 comitissa,
621 2698 794 2740 domina
824 2700 998 2741 Inclusa
1030 2699 1081 2740 de
1115 2698 1344 2754 Baginton,
1376 2711 1472 2752 quae
1500 2696 1612 2738 sicut
1638 2699 1776 2737 mater

373 2765 493 2814 filios,
538 2765 596 2806 sic
637 2766 748 2808 fovit
792 2781 862 2808 eos
904 2767 950 2808 in
992 2766 1219 2815 omnibus3
1265 2764 1509 2820 principum
1551 2767 1595 2805 et
1641 2763 1777 2818 prela-

373 2837 515 2873 torum
548 2848 716 2889 quoque
762 2834 947 2888 gratiam
990 2832 1387 2889 incomparabiliter
1439 2834 1666 2873 consecuta
1714 2830 1780 2871 su-

374 2904 475 2950 erat,
519 2899 709 2942 favorem
757 2901 839 2942 sibi
877 2901 1145 2957 sagacialiter
1190 2899 1457 2956 acquirendo.
1543 2897 1779 2941 Londoniae
