1905 3180
636 215 870 247 EPszLAE.
1363 207 1444 254 175

51 328 209 371 toriam
243 329 426 385 dirigere
469 330 522 371 dc
559 334 764 373 consueta
806 331 1072 387 dignationis
1098 332 1327 374 clementia
1359 347 1447 374 non

53 398 218 439 ducatis
258 397 499 452 indignum,
545 402 596 440 ut
640 400 821 442 eundem
870 401 962 455 jam
1019 415 1094 455 per
1138 401 1229 441 dies
1288 401 1447 442 multos

54 465 236 507 Oxoniw
264 466 516 507 liberalibus
553 468 809 509 rudimentis
847 468 1126 509 hmdabiliter
1167 469 1445 510 insudantem

51 533 106 574 ad
164 533 505 588 gubernaculum
563 536 803 577 scholarum
868 536 1117 586 Lincolnia‘,
1171 537 1207 577 si
1256 551 1338 588 eas,
1395 541 1445 579 ut

52 600 224 652 dicitur,
269 616 422 643 vacare
469 604 712 658 contigerit,
760 604 815 644 ad
868 604 1027 644 festum
1074 604 1176 646 ‚St-hi.
1221 605 1445 646 Michaelis

50 669 247 724 proximo
280 670 412 710 futuri
449 671 558 712 velit
592 671 837 713 admittere.
1469 674 1646 716 Sep.29t11.

111 736 277 787 Valeat,
313 741 386 779 etc.

646 975 856 1018 LXVIII.

324 1103 523 1146 Domino
561 1103 817 1147 Lisncolnioe
850 1104 1010 1147 Frater
1041 1104 1159 1147 Αιῖα,

111 1239 179 1281 Ex
225 1239 378 1281 salutis
424 1240 633 1281 desiderio
687 1240 742 1280 ob
785 1238 1031 1280 divinitatis
1077 1240 1293 1293 honorem,
1336 1240 1446 1284 sicut
1467 1238 1597 1294 Aiungi,
1632 1286 1639 1297 ‚

49 1322 153 1357 reor,
177 1308 447 1363 frequentius
475 1311 621 1349 actum
651 1311 714 1348 est
744 1317 787 1348 ct
813 1307 1053 1348 consultius
1085 1307 1371 1350 deliberatum
1394 1313 1446 1350 ut
1467 1284 1656 1369 ill-{tilxgifs

49 1375 250 1417 dominus
272 1375 503 1417 Aimarus¹
534 1376 669 1416 frater
691 1375 856 1415 domini
883 1375 997 1430 regis
1020 1375 1240 1417 vobiscum
1265 1376 1447 1419 haberet
1467 1373 1589 1447 desifres
1606 1385 1625 1405 a

47 1445 343 1485 examinatum
368 1444 415 1484 in
454 1444 631 1485 Christo
660 1443 712 1483 de
745 1447 865 1484 statu
901 1457 977 1484 suo
1000 1443 1271 1499 colloquium.
1331 1445 1447 1497 Quid
1467 1426 1665 1495 ἷὲῗὴθέξέἔςῖ

46 1512 184 1567 igitur
212 1512 347 1553 vultis
384 1515 539 1567 agam?
588 1511 765 1563 Quanta
790 1526 965 1567 possum
991 1512 1185 1567 supplico
1217 1513 1356 1554 cordis
1381 1513 1446 1554 in-
1467 1510 1540 1537 tete.

47 1580 211 1622 stantia
239 1583 288 1622 ut
314 1580 482 1636 placeat
507 1580 712 1636 piissimae
738 1579 997 1635 paternitati
1023 1584 1180 1623 vestrae
1210 1581 1265 1622 ad
1295 1582 1445 1637 Ipsum

46 1648 93 1689 in
126 1649 326 1690 omnibus
354 1648 522 1704 jugiter
554 1647 789 1697 anhelanti,
826 1648 901 1703 qui
938 1648 1035 1690 vult
1072 1664 1221 1691 omnes
1251 1650 1446 1691 homines

47 1717 189 1758 salvos
218 1717 323 1766 fieri,
351 1716 458 1757 mihi
487 1716 718 1757 rescribere
751 1715 843 1757 sine
872 1730 1004 1758 morae
1039 1717 1276 1773 dispendio,
1311 1733 1446 1773 quan-

47 1785 102 1826 do
138 1789 181 1826 et
211 1785 286 1826 uloi
316 1784 558 1839 quibusque
591 1784 996 1839 opportunitatibus
1022 1785 1115 1825 fieri
1146 1785 1302 1836 valeat,
1331 1787 1446 1840 quod

47 1854 188 1894 (lictus
222 1854 421 1894 dominus
452 1852 657 1893 Aimarus
679 1852 771 1906 jam
801 1852 877 1893 diu
902 1855 1098 1907 optatam
1135 1853 1444 1895 dominationis

46 1925 203 1963 Vestrae
246 1921 521 1976 praesentiam
565 1920 829 1961 commodius
871 1920 990 1961 adire
1031 1921 1190 1970 valeat,
1230 1923 1274 1962 et
1305 1925 1445 1963 matu-

46 1990 135 2030 rius
167 2005 193 2030 a
225 1989 437 2030 (livinitus
469 1988 594 2029 vobis
626 1987 839 2043 inspirata
879 1988 1093 2043 sapientia
1123 2003 1319 2044 supernae
1348 2005 1443 2045 pro-

45 2057 290 2113 pitiationis
327 2056 553 2098 consilium
586 2056 702 2097 inter
738 2059 866 2097 tanta
898 2056 1157 2111 perditionis
1193 2057 1444 2099 discrimina

46 2125 237 2181 propitia
269 2125 502 2166 divinitate
536 2127 820 2179 suscepturus.
892 2123 1124 2166 Desiderat
1157 2139 1326 2180 quoque
1359 2141 1445 2167 me-

46 2197 239 2236 moratus
262 2193 460 2235 dominus
482 2192 696 2241 Aimarus,
724 2195 775 2233 ut
806 2195 851 2233 et
873 2207 951 2248 ego
982 2207 1070 2233 una
1102 2207 1198 2234 cum
1231 2194 1323 2248 ipso
1352 2208 1446 2235 ves-

47 2266 127 2305 trae
151 2277 217 2303 me
239 2264 545 2317 pi·aesenta1·e111
577 2260 746 2316 pietati.
812 2260 938 2312 Quod
968 2260 1156 2315 qualiter
1184 2262 1264 2303 hoc
1294 2276 1445 2318 oppor-

46 2334 151 2372 tune
184 2330 277 2371 fieri
305 2329 462 2375 valeat,
498 2329 610 2370 sicut
642 2343 720 2370 vos
752 2328 905 2370 melius
937 2329 1087 2378 nostis,
1122 2330 1228 2371 scire
1265 2344 1443 2386 nequeo,

45 2402 222 2455 propter
270 2398 602 2453 occupationum
659 2411 854 2438 mearum
901 2397 1172 2439 detinentias.
1256 2398 1443 2440 Utinam

46 2470 90 2508 et
122 2467 173 2508 de
202 2466 390 2523 corporis
426 2464 741 2516 incolumitate,
775 2469 821 2506 et
850 2465 1174 2521 tranquillitate
1208 2467 1376 2519 mentis,
1400 2471 1444 2508 et

46 2535 320 2577 ecclesiastici
370 2533 676 2575 moderaminis
730 2533 937 2589 profectu,
992 2534 1048 2575 ad
1107 2538 1296 2575 vestram
1349 2549 1443 2591 per-

45 2603 290 2645 tinentibus
331 2602 606 2644 sanctitatem
642 2601 916 2658 potissimum
944 2601 991 2642 in
1021 2602 1210 2645 Domino
1242 2602 1444 2645 affectata

621 2812 628 2830 ¹
656 2810 717 2843 See
735 2811 851 2850 above,
870 2820 899 2852 p.
926 2814 977 2843 84.
