1905 3180
648 234 882 266 massonis.
1374 225 1458 264 203

62 353 199 408 legem
252 352 306 392 ad
358 352 607 393 continuam
658 352 935 393 residentiam
982 365 1058 405 pro
1112 349 1247 390 salute
1293 348 1460 404 jugiter

59 420 271 476 operanda
293 420 547 471 constrict03
579 422 624 461 et
655 419 788 461 etiam
820 434 896 474 pro
927 433 976 459 00
1008 418 1122 472 quod
1153 417 1381 465 hominem,
1406 417 1458 457 de

57 488 175 543 eujus
218 488 452 537 affectione,
486 488 555 529 vel
598 487 821 537 industria,
855 487 924 528 vel
955 485 1289 534 conversatione,
1335 484 1459 525 vobis

57 571 135 597 1160
181 571 256 611 1161·
299 555 512 598 sufficiens
560 555 871 605 testimonium,
917 567 995 595 1160
1038 567 1114 609 per
1145 552 1458 608 experientiam

56 623 320 680 probabilem
353 624 467 666 faeta
500 628 564 665 est
606 623 885 679 praesumptio
927 620 1225 672 rationabilis3
1273 618 1344 661 etl
1396 620 1460 660 in-

56 707 181 748 super
220 707 296 748 pro
345 708 393 733 eo
438 693 552 747 quod
598 692 763 733 homini
815 690 1035 745 incognito
1078 692 1121 730 et
1154 688 1328 729 domino
1371 702 1457 737 suo,

55 761 176 816 quasi
207 775 296 802 rem
331 775 533 816 magnam
567 760 621 801 ob
653 759 1060 814 contemplationem
1103 756 1238 798 vestri
1268 755 1457 803 fecerint,

54 831 240 870 vestram
282 829 328 869 111
364 832 582 884 posterum
626 827 925 870 excellentiam
970 824 1230 868 constituere
1262 821 1460 865 voluistis

56 895 295 937 obnoxiam.
377 896 491 947 Quid
533 895 689 952 plura?
770 895 873 937 Non
925 892 1198 935 mediocriter
1256 891 1459 932 anxiatus

55 963 223 1005 animus
284 979 403 1005 meus
456 964 507 1005 de
559 964 626 1005 his
678 963 849 1019 cogitat.
931 961 1047 1013 Quid
1093 960 1253 1002 etenim
1298 960 1456 1001 claram

55 1032 136 1087 pize
168 1033 325 1073 mentis
357 1032 778 1088 eireumspecticmem
822 1029 1172 1073 obtenebraverit
1214 1029 1364 1084 ignoro
1411 1028 1458 1068 in

52 1114 97 1141 re
128 1104 218 1141 tam
252 1100 464 1142 evidentis
505 1101 666 1142 erroris.
728 1100 875 1155 Auget
917 1101 1065 1139 autem
1097 1096 1296 1145 dolorem,
1330 1098 1460 1151 prout

54 1168 181 1209 audio
223 1169 430 1224 quasdam
468 1167 637 1210 habetis
683 1167 876 1223 ineptiaS,
923 1166 1079 1221 quibus
1121 1165 1167 1205 in
1218 1164 1297 1205 hac
1338 1167 1460 1218 parte

54 1235 214 1278 factum
246 1251 334 1277 non
368 1236 587 1278 immerito
624 1235 940 1291 reprobandum
974 1232 1133 1289 petatis
1164 1246 1285 1287 posse
1317 1230 1460 1273 defen-

53 1304 172 1345 sares2
225 1304 379 1346 Pareat
408 1304 478 1353 eis,
503 1318 586 1353 oro,
621 1303 846 1351 Dominus,
872 1301 946 1357 qui
976 1301 1073 1342 illas
1104 1299 1222 1342 cordi
1250 1298 1459 1340 benevolo

53 1371 305 1427 persuadere
362 1375 630 1413 curaverunt.
695 1371 876 1412 Revelet
921 1369 1046 1410 vobis
1089 1367 1231 1409 oculos
1275 1366 1459 1408 coelestis

52 1440 314 1482 illuminatio
345 1440 400 1481 ad
432 1439 783 1481 considerandam
818 1437 996 1479 Divinae
1028 1435 1270 1477 voluntatis
1301 1434 1458 1476 verita-

54 1512 152 1557 tem,
196 1523 249 1550 ne
291 1508 515 1565 praesentis
563 1507 709 1550 saeculi
742 1505 922 1547 fallaciis
969 1503 1143 1553 seducti,
1184 1501 1300 1558 quod
1332 1501 1455 1551 absit,

53 1590 144 1617 011111
189 1576 308 1618 eaeeis
346 1575 526 1618 ducibus
562 1575 662 1617 06601
702 1574 749 1615 111
780 1573 948 1615 foveam
991 1570 1207 1614 corruatis,
1275 1569 1458 1625 Propter

56 1644 137 1685 Dei
173 1644 389 1695 honorem,
436 1647 611 1700 propter
640 1642 776 1685 vestri
819 1642 1014 1690 salutem,
1049 1643 1225 1695 propter
1271 1637 1456 1679 ecelesia>

53 1712 361 1764 necessitatem,
394 1713 579 1764 studeat,
623 1712 807 1762 obsecro,
845 1710 1042 1764 deinceps
1073 1711 1219 1749 vestra
1260 1705 1332 1761 pia
1373 1705 1452 1746 dis-

54 1780 185 1821 eretio
216 1783 472 1836 praesentem
503 1779 711 1834 corrigere
756 1775 1150 1832 transgressionem,
1194 1773 1454 1815 remittendo

55 1847 110 1888 ad
142 1862 242 1889 oves⁸
274 1848 466 1903 proprias
498 1862 622 1888 suum
655 1848 881 1901 pastorem,
916 1858 992 1899 pro
1036 1842 1192 1898 quibus
1223 1840 1340 1897 apud
1371 1839 1454 1881 for-

56 1915 310 1956 midandum
336 1915 527 1971 judicem
560 1929 680 1955 suam
722 1913 912 1954 animam
944 1910 1109 1961 defixit,
1153 1913 1196 1951 et
1226 1909 1274 1949 in
1305 1908 1454 1949 simili-

54 1982 134 2023 bus
166 1983 216 2024 (16
249 1986 402 2025 caetero
436 1982 715 2031 constantius,
744 1981 912 2023 cautius
945 1981 989 2020 et
1022 1977 1244 2027 salubrius,
1278 1978 1453 2032 propter

53 2051 326 2093 benedictum
360 2051 443 2092 Dei
475 2051 647 2102 Filium,
680 2048 906 2105 negotiari.

114 2118 183 2160 Sit
227 2119 468 2161 benedictio
521 2132 716 2174 super-nze
759 2114 1078 2173 dispensationi,
1112 2112 1309 2170 quamvis
1365 2126 1453 2154 non

51 2190 212 2229 cessent
254 2187 626 2228 obstetricationes
667 2184 1008 2241 malignantium
1053 2187 1098 2225 et
1148 2179 1451 2225 insidiantium

51 2254 286 2307 molimina,
321 2255 524 2296 fiduciam
567 2257 852 2310 conceperunt
883 2251 1010 2293 amici
1049 2250 1184 2293 vestri
1221 2250 1269 2291 in
1303 2248 1451 2291 Chris—

54 2326 109 2372 to,
144 2323 256 2378 quod
303 2326 549 2379 susceptum
592 2336 698 2363 onus
741 2336 816 2378 per
861 2320 1004 2376 Ipsius
1036 2317 1301 2374 adjutorium
1333 2330 1450 2371 mag-

57 2390 191 2441 nifice,
234 2391 457 2447 sapienter
488 2394 531 2432 et
564 2390 742 2442 utiliter,
776 2388 975 2445 quamvis
1006 2402 1095 2430 non
1127 2386 1218 2429 sine
1250 2384 1452 2428 laboriosi

52 2458 222 2501 sudoris
253 2458 516 2516 gravamine,
551 2457 871 2515 supportabitis.

92 2658 99 2678 ¹
125 2657 198 2691 Est.
221 2659 293 2692 MS.
756 2662 760 2667 '
779 2669 850 2697 rem,
867 2656 953 2698 quia,
972 2662 1070 2699 prout
1085 2656 1190 2695 (tudio,
1214 2654 1367 2696 qzmsdam
1392 2653 1449 2685 Ιια-

96 2713 108 2731 ²
132 2712 175 2745 So
191 2713 245 2745 the
262 2712 367 2745 whole
383 2721 518 2755 passage
545 2712 667 2744 stands.
714 2710 731 2749 Ῐ
778 2710 856 2742 betis
890 2711 1034 2752 ineptias,
1059 2709 1173 2750 quibus
1197 2710 1228 2739 in
1264 2708 1324 2739 hac
1353 2711 1450 2749 parte

52 2772 188 2806 propose
212 2771 245 2798 to
268 2766 345 2797 read
364 2778 371 2798 ς
396 2764 502 2807 Auqet
517 2770 618 2796 (tillem
645 2762 727 2796 dolo·
775 2766 839 2805 ὅκῃ,
851 2763 978 2804 pusulis
994 2773 1088 2803 posse
1103 2761 1278 2804 cquensare.
