1905 3180
425 301 508 343 356
911 302 1016 334 ADAE
1048 300 1108 332 DE
1138 297 1335 331 MARISCO

425 438 578 465 norum
611 420 865 463 discrimina.
929 418 1281 473 Verumptamen,
1321 414 1554 456 secundum
1589 411 1704 467 quod
1735 425 1824 453 mo-

425 491 613 533 dicitatis
656 504 763 531 1110εο
810 487 991 530 tarditas
1022 486 1069 526 in
1111 500 1157 526 re
1198 488 1289 526 tam
1331 496 1489 538 magna
1530 480 1648 522 valet
1690 479 1824 534 conji-

425 574 527 607 cere,
571 558 705 599 satius
747 556 828 598 erit
869 556 915 596 in
955 555 1034 596 hac
1075 557 1197 609 parte
1232 552 1489 593 Sanctorum
1533 547 1740 603 exemplis
1781 551 1836 589 et.

425 626 735 668 traditionibus
765 625 954 672 Patrum,
982 622 1209 663 accedente
1245 619 1405 661 eisdem
1439 617 1658 659 rationum
1687 614 1825 657 effica-

426 695 499 743 cia,
528 693 758 741 adhaerere,
798 707 928 747 quam
960 690 1116 732 coactis
1148 703 1276 730 cassae
1305 685 1625 728 vociferationis
1653 698 1827 740 persua-

427 762 619 803 sionibus
650 760 926 816 acquiescere,
973 757 1208 800 secundum
1254 755 1371 811 quod
1412 767 1727 808 nonnunquam
1774 752 1826 794 de

426 829 505 871 hoc
536 829 716 870 articulo
746 843 861 869 meos
890 826 1207 882 qualescunque
1237 825 1467 879 conceptus
1491 825 1647 864 vestrae
1678 819 1828 876 aperui

427 898 530 938 viva
562 911 666 938 voce
699 895 956 937 discretioni.
1011 892 1253 934 Mandastis
1285 891 1419 933 etiam
1445 890 1497 932 de
1517 889 1659 932 tribus
1687 887 1829 930 fratri-

428 965 508 1005 bus
537 964 660 1005 vobis
682 979 757 1019 per
784 963 976 1004 litteram
1005 960 1311 1017 exprimendis,
1335 973 1442 1015 quos
1463 959 1519 1000 ad
1539 956 1829 999 ministerium

429 1032 602 1073 vicariae
649 1032 694 1072 in
735 1031 930 1072 absentia
966 1033 1111 1071 vestra
1146 1029 1239 1083 jam
1286 1028 1476 1069 instante
1520 1026 1692 1068 exilitas
1734 1039 1830 1067 mea

429 1098 634 1141 censeret¹
671 1099 761 1140 fore
793 1098 1091 1140 nominandos.
1157 1096 1447 1148 Quamobrem
1485 1093 1705 1150 perpensis
1736 1107 1831 1149 per-

429 1182 629 1208 sonarum
668 1170 711 1208 et
744 1166 920 1222 negotii,
956 1169 1087 1221 prout
1128 1164 1264 1220 potui,
1308 1162 1652 1211 circumstantiis,
1691 1162 1830 1217 primo

430 1235 602 1290 quidem
625 1234 827 1276 fratrem.
861 1268 867 1275 .
902 1267 908 1274 .
936 1233 964 1282 ,2
996 1233 1182 1275 secundo
1204 1246 1305 1274 vero
1328 1232 1506 1273 fratrem
1529 1264 1535 1271 .
1569 1265 1576 1272 .
1610 1263 1617 1271 .
1650 1229 1680 1282 ,⁶³
1701 1229 1831 1272 tertio

430 1318 531 1344 vero
563 1303 739 1344 fratrem
771 1335 778 1343 .
813 1335 821 1343 .
855 1336 861 1344 .
895 1301 923 1353 ‚⁴2
965 1301 1199 1343 secundum
1242 1299 1541 1356 praeceptionis
1576 1303 1734 1341 vestrae
1770 1302 1832 1341 te-

431 1385 579 1413 norem
612 1370 898 1425 designandos
929 1370 1083 1425 putavi
1120 1383 1173 1410 ex
1206 1369 1364 1410 ordine.
1431 1368 1624 1420 Quorum
1656 1367 1831 1423 primus,

432 1442 606 1493 propter
638 1438 941 1479 auctoritatem
975 1437 1165 1487 virtutis,
1198 1437 1410 1479 secundus
1446 1440 1622 1492 propter
1656 1436 1833 1477 circum-

433 1506 663 1561 spectionis
705 1505 1033 1560 experientiam,
1077 1505 1233 1547 tertius
1284 1509 1461 1561 propter
1512 1503 1832 1546 {emulationem

433 1573 620 1629 pietatis,
675 1588 822 1615 omnes
874 1573 1158 1614 nihilominus
1210 1577 1385 1628 propter
1436 1576 1552 1614 notae
1604 1571 1834 1627 probitatis

434 1642 816 1689 conversationem,
852 1641 1086 1683 secundum
1133 1655 1248 1682 nunc
1279 1641 1465 1696 positam
1498 1640 1650 1682 seriem
1693 1654 1834 1682 occur-

434 1714 538 1750 runt
580 1709 860 1765 exprimendi.
926 1710 991 1750 De
1034 1709 1409 1750 desideratissimis
1455 1709 1662 1764 patribus,
1705 1708 1834 1750 fratre

516 1811 522 1818 .
558 1777 583 1818 22
617 1781 660 1819 et
684 1811 690 1818 .
723 1811 729 1819 .
763 1811 772 1828 ,
806 1777 821 1799 ²²
855 1777 1117 1831 caeterisque,
1142 1777 1259 1818 inter
1279 1777 1432 1818 fratres
1453 1777 1559 1818 viris
1581 1776 1772 1832 providis
1793 1780 1835 1818 et

435 1844 642 1893 discretis,
676 1845 731 1886 ad
753 1844 939 1887 officium
961 1844 1259 1899 hujuscemodi
1280 1845 1455 1894 idoneis,
1478 1845 1558 1886 hoc
1579 1845 1835 1886 omnimodis

434 1912 599 1963 affecto,
623 1913 669 1953 in
702 1927 785 1968 quo
818 1913 986 1962 eisdem,
1021 1913 1068 1953 ni
1100 1913 1235 1962 fallor,
1269 1913 1507 1956 consultius
1539 1914 1662 1955 credo
1694 1911 1836 1969 provi-

435 1980 624 2021 dendum
656 1980 712 2021 ad
742 1980 823 2022 Dei
855 1980 1073 2030 honorem,
1107 1981 1162 2021 ad
1194 1981 1260 2022 sui
1292 1981 1485 2030 salutem,
1514 1981 1569 2022 ad
1600 1981 1834 2023 multorum

436 2048 776 2097 aedificationem,
814 2048 1015 2089 videlicet
1046 2052 1097 2090 ut
1130 2052 1228 2104 post
1264 2051 1355 2089 tam
1387 2049 1509 2090 varia
1540 2052 1584 2090 et
1614 2051 1742 2090 tanta
1772 2062 1836 2090 00-

437 2116 713 2170 cupationum
746 2115 946 2170 pondera,
978 2119 1077 2171 post
1108 2119 1176 2157 tot
1207 2119 1251 2158 et
1283 2120 1374 2157 tam
1407 2116 1695 2158 distrahentes
1728 2116 1836 2158 solli-

437 2182 676 2223 citudinum
701 2183 992 2233 lacerationes,
1016 2186 1113 2238 post
1135 2186 1202 2226 tot
1223 2184 1547 2227 inaestimabiles
1578 2188 1737 2228 sanctae
1765 2199 1836 2226 va-

438 2250 619 2291 cationis
650 2250 1009 2305 perturbationes,
1040 2252 1103 2293 ita
1132 2253 1390 2302 consulatur,
1418 2256 1468 2294 ut
1500 2257 1544 2294 et
1574 2267 1651 2309 per
1681 2252 1836 2295 mentis

438 2317 642 2372 vigorem,
677 2322 720 2359 et
750 2318 930 2359 rationis
967 2320 1239 2370 industriam,
1284 2324 1328 2362 et
1376 2321 1616 2362 affectionis
1658 2321 1836 2377 diligen-

438 2385 554 2434 tiam,
589 2385 888 2440 imperfectum
936 2401 1061 2428 suum
1100 2388 1322 2440 discutere,
1372 2393 1415 2430 et
1461 2389 1517 2430 ad
1559 2389 1836 2444 perfectiones

439 2452 620 2502 divinas,
666 2453 924 2495 charismata
955 2455 1145 2496 coelestia
1175 2455 1423 2497 affluentius
1469 2457 1722 2513 percepturi,
1765 2470 1836 2498 va-

438 2519 558 2561 leant
605 2521 896 2570 conscendere,
942 2527 1228 2578 perceptaque
1272 2524 1532 2566 cumulatius
1562 2524 1834 2580 postmodum

439 2587 494 2627 ad
530 2587 770 2642 profectum
802 2588 984 2629 aliorum
1022 2589 1280 2645 dispensare.
1365 2591 1592 2647 Numquid
1628 2607 1715 2634 non
1747 2592 1834 2633 An-

440 2655 524 2710 geli
562 2654 646 2695 Dei
678 2659 780 2697 sunt
812 2657 1089 2699 ascendentes
1121 2662 1166 2700 et
1196 2660 1500 2702 descendentes
1537 2661 1582 2701 in
1617 2661 1738 2710 scala,
1771 2658 1835 2702 cui

493 2803 499 2819 ¹
526 2807 705 2839 cens-ereret,
732 2802 804 2835 MS.
1199 2807 1211 2825 ²
1234 2806 1294 2838 All
1335 2808 1390 2839 the
1415 2818 1528 2839 names
1557 2817 1612 2840 are
1639 2807 1772 2840 omitted
1795 2808 1828 2838 in

1155 2858 1208 2889 the
1226 2858 1298 2890 MS.
