1905 3180
496 256 556 287 DE
586 254 804 289 ADVENTU
835 258 1061 290 MINORUM.
1454 254 1504 293 11

118 371 433 427 eleemosynam
479 374 654 426 peteret.
749 372 850 427 Ipsa
906 388 1007 415 vero
1054 377 1229 429 portans
1273 375 1312 416 ei
1355 390 1509 431 panem
1528 382 1729 416 A.1).1225.

118 439 280 481 avertit
310 439 483 481 vultum
517 439 671 489 dicens,
708 444 730 460 “
750 440 984 482 Maledicta
1015 442 1072 483 sit
1104 443 1208 484 hora
1241 459 1326 498 qua
1358 447 1401 485 te
1433 459 1510 485 un-
1528 444 1695 476 19128010-

119 522 249 562 quam
269 507 363 548 vidi
379 506 414 558 ;'’
456 510 501 549 et
546 506 636 563 ipse
680 507 854 563 quidem
900 523 995 550 cum
1038 510 1195 564 gaudio
1238 511 1397 567 recepit
1440 527 1512 567 pa-
1529 498 1615 520 mon.

118 589 218 616 nem
249 578 293 617 et
335 575 516 617 recessit.
610 575 717 615 Tam
764 575 911 617 stricte
957 592 1059 618 vero
1102 578 1244 620 tenuit
1290 580 1513 634 praefixam

118 643 201 684 sibi
231 643 413 685 formam
459 642 719 699 parcissima}
763 644 1041 699 paupertatis,
1085 648 1135 686 ut
1178 661 1274 687 cum
1320 661 1515 687 nonnun-

119 725 249 766 quam
280 714 455 767 propter
485 711 663 753 fratrem
701 711 917 766 quendam
957 712 1177 754 infirmum
1218 713 1264 753 in
1310 729 1516 769 capul-one

118 793 195 821 suo
238 781 430 835 portaret
483 779 668 820 farinam
715 782 759 820 et
805 779 878 830 sal,
927 794 1002 821 seu
1045 780 1144 821 ficos
1203 782 1416 836 pauculos,
1474 786 1517 823 et

118 847 237 902 ligna
268 846 324 888 ad
356 845 499 902 ignem
530 847 610 888 sub
642 847 776 888 axilla
821 862 909 897 sua,
945 847 1272 903 diligentissime
1304 849 1430 897 cavit,
1464 864 1517 890 ne

120 918 245 956 extra
276 918 413 956 metas
435 914 786 970 exquisitissimae
818 915 1084 956 necessitatis
1115 916 1281 970 aliquid
1312 916 1517 971 reciperet

120 982 191 1024 Vel
234 982 448 1024 retineret.
525 982 655 1025 Unde
718 983 900 1038 contigit
958 983 1189 1038 aliquando
1236 987 1286 1025 ut
1347 988 1516 1025 tantum

120 1050 256 1106 frigus
299 1053 532 1106 pateretur,
578 1050 694 1105 quod
744 1050 858 1092 illico
904 1065 948 1091 se
994 1051 1251 1093 moriturum
1298 1052 1516 1103 crederet3

120 1133 208 1160 non
238 1118 499 1160 habentibus
530 1122 677 1159 autem
710 1117 917 1160 fratribus
960 1119 1073 1160 unde
1117 1119 1258 1174 ipsum
1290 1119 1517 1161 calefacere

120 1190 303 1241 possent,
336 1186 457 1242 pium
489 1185 572 1228 sibi
615 1185 851 1241 suffugium
882 1190 1030 1228 sancta
1061 1187 1216 1228 caritas
1247 1187 1516 1229 monstravit.

123 1253 432 1296 Convenerunt
474 1253 688 1309 siquidem
741 1268 887 1296 omnes
920 1253 1074 1295 fratres
1106 1254 1216 1295 circa
1262 1255 1402 1309 ipsum
1436 1253 1515 1309 [et]

120 1322 207 1363 suis
250 1322 425 1372 sinibus,
471 1321 584 1363 sicut
629 1321 766 1377 porcis
813 1336 904 1363 mos
948 1325 1023 1372 est,
1059 1336 1156 1363 eum
1200 1322 1516 1377 comprimendo

121 1389 331 1432 foverunt.
397 1389 542 1442 Quum
586 1393 734 1431 autem
779 1389 834 1431 ad
867 1389 1061 1431 ordinem
1093 1389 1320 1431 acolitatus
1352 1404 1517 1445 promo-

120 1458 212 1499 veri
245 1458 430 1508 deberet,
463 1458 618 1500 missus
650 1461 716 1499 est
747 1458 803 1499 ad
834 1458 1127 1499 venerabilem
1158 1461 1327 1513 patrem
1359 1461 1517 1499 sancta}

120 1526 337 1568 memoriae
381 1525 745 1582 archiepiscopum
792 1525 1073 1581 Stephanum,
1107 1529 1152 1567 et
1195 1525 1278 1567 sibi
1316 1541 1342 1566 a
1386 1526 1518 1566 fratre

121 1594 307 1648 quodam
353 1594 517 1636 seniore
560 1597 878 1650 praesentatus3
924 1593 999 1649 qui
1046 1593 1289 1650 gratissime
1333 1593 1518 1649 suscepit

121 1676 230 1712 eum,
265 1665 309 1704 et
355 1662 434 1703 sub
466 1662 546 1704 hoe
576 1662 708 1703 titulo
752 1661 808 1703 ad
840 1661 1034 1703 ordinem
1065 1661 1307 1717 promovit:
1344 1666 1365 1682 “
1382 1661 1517 1716 Apes«

119 1730 305 1772 tolatuni
364 1730 539 1772 accedat
591 1730 745 1771 Frater
796 1729 1001 1772 Salamon
1052 1729 1104 1770 de
1158 1729 1305 1770 ordine
1351 1732 1518 1784 aposto-

119 1797 294 1840 lorum.”
356 1798 452 1840 Hoc
495 1797 591 1839 ideo
636 1797 831 1847 dixerim,
865 1800 916 1838 ut
962 1797 1202 1838 innotescat
1248 1800 1423 1852 quantae
1455 1811 1517 1838 re-

119 1865 327 1908 verentiae
388 1866 521 1908 fuerit
563 1865 678 1921 apud
735 1864 950 1920 sapientes
995 1864 1179 1905 fratrum
1229 1864 1517 1919 primordialis

120 1934 412 1989 spiritualitas.
462 1933 607 1985 Quum
636 1935 782 1974 autem
808 1931 1092 1973 comedissent
1122 1931 1168 1972 in
1199 1946 1347 1972 mensa
1381 1931 1518 1972 archi-

121 2001 317 2058 episcopi,
351 2001 510 2043 reversi
546 2003 648 2043 sunt
688 2000 842 2042 fratres
877 1999 1159 2042 Cantuariam
1190 1999 1436 2054 nudipedes,
1470 1999 1517 2040 in

121 2069 222 2111 nive
255 2084 352 2124 quae
383 2069 597 2125 profunda
640 2067 770 2109 nimis
802 2067 954 2109 extitit
985 2071 1029 2110 et
1060 2067 1333 2109 intuentibus
1365 2067 1517 2108 exhor-

121 2137 264 2179 renda.
340 2136 497 2178 Postea
527 2136 690 2192 accepit
737 2135 1000 2191 gravitatem
1045 2135 1091 2176 in
1134 2150 1219 2176 uno
1251 2135 1369 2190 pede,
1402 2134 1517 2176 unde

120 2205 291 2261 languit
323 2204 559 2246 Londoniae
580 2219 656 2260 per
678 2202 783 2245 duos
805 2216 951 2253 annos,
985 2202 1049 2244 ita
1081 2203 1196 2258 quod
1226 2202 1304 2244 vix
1326 2217 1517 2257 unquam

120 2272 204 2314 nisi
234 2275 432 2328 portatus
465 2271 545 2328 [se]
577 2285 749 2314 movere
793 2271 945 2327 potuit.
1041 2270 1095 2312 In
1140 2270 1220 2312 hac
1262 2270 1518 2311 infirmitate

119 2340 290 2382 visitari
341 2341 499 2382 meruit
550 2354 576 2381 a
627 2342 786 2382 sanotae
838 2337 1055 2381 memoriae
1112 2338 1264 2380 Fratre
1311 2338 1340 2380 J
1344 2338 1515 2388 ordanO,

121 2408 327 2464 magistro
378 2408 513 2450 totius
570 2407 732 2450 ordinis
790 2407 1139 2457 Praedicatorum,
1186 2406 1260 2461 qui
1305 2406 1418 2448 dixit
1464 2406 1514 2455 ei,

123 2481 146 2497 “
179 2476 343 2527 Frater,
388 2491 477 2518 non
519 2474 829 2525 verecunderis,
878 2475 914 2517 si
973 2474 1103 2516 Pater
1147 2473 1325 2516 Domini
1381 2473 1517 2515 nostri

122 2548 145 2565 “
177 2543 206 2586 J
209 2558 284 2586 esu
316 2543 478 2586 Christi
509 2543 694 2586 traxerit
725 2547 769 2585 te
801 2543 857 2584 ad
887 2543 1028 2598 ipsum
1060 2556 1136 2598 per
1166 2541 1353 2597 pedemf'
1430 2541 1516 2596 Igi-

121 2613 194 2653 tur
236 2615 465 2668 postquam
511 2615 604 2654 tam
649 2611 724 2652 diu
761 2610 959 2665 jacuerat
1005 2610 1051 2650 in
1095 2609 1275 2661 cellario,
1309 2609 1385 2650 ubi
1416 2609 1515 2649 mis-

124 2693 268 2721 sarum
299 2680 536 2735 solempnia
578 2694 665 2721 non
709 2679 917 2728 audierat,
962 2678 1115 2719 fratres
1147 2677 1262 2718 enim
1293 2692 1379 2717 11011
1411 2676 1514 2717 0010-

123 2746 309 2788 brabant
343 2747 390 2788 in
420 2748 523 2797 loco,
561 2747 637 2788 sed
667 2746 792 2787 ibant
823 2746 878 2787 ad
909 2745 1172 2787 audiendum
1205 2745 1354 2785 divina
1385 2747 1428 2784 et
1459 2742 1515 2783 ad

123 2814 425 2856 celebrandum
455 2815 512 2856 ad
543 2814 759 2856 ecclesiam
802 2812 1098 2869 parochialem,
1142 2812 1280 2853 factus
1311 2815 1375 2853 est
1406 2825 1514 2851 mor-

124 2881 204 2923 bus
261 2882 325 2924 ita
382 2882 642 2938 desperatus,
695 2884 745 2923 ut
790 2879 954 2935 judicio
1013 2880 1306 2934 chirurgorum
1363 2878 1513 2933 pedem
