1905 3180
378 253 461 292 216
848 260 952 290 ADAE
985 259 1046 290 DE
1077 256 1275 289 MAmsco

372 377 547 418 lethalia
578 376 817 432 litigiorum
851 374 1065 423 exercitia,
1099 372 1338 429 praesertim
1370 387 1396 413 a
1426 370 1589 413 sanctis
1631 369 1765 411 claus-

370 445 490 485 tralis
522 444 811 486 observantiae
842 442 1153 491 vacationibus,
1186 441 1261 496 qui
1297 440 1461 482 cunctis
1492 437 1767 495 professionis

371 512 663 553 ecclesiasticae
690 511 802 566 juris
841 512 1029 566 loquens,
1064 510 1152 551 ait:
1201 509 1347 550 “Non
1397 508 1445 549 in
1486 505 1765 550 contentione

373 586 393 601 “
426 584 469 620 et
513 579 799 627 aemulatione,
843 579 917 620 sed
948 576 1182 619 induimini
1216 576 1368 618 Jesum
1407 573 1672 618 Christum.''
1705 572 1764 613 Et

368 648 552 689 iterum:
593 646 743 688 “Cum
787 646 845 688 sit
881 646 997 688 inter
1036 659 1114 686 vos
1156 645 1271 686 zelus
1313 648 1357 686 et
1388 643 1623 693 contentio,
1656 655 1763 682 non-

370 720 391 737 “
423 730 476 757 ne
508 716 699 756 carnales
730 715 842 763 estis,
876 718 920 756 et
955 714 1189 756 secundum
1221 712 1440 754 hominem
1475 709 1709 753 ambulatis
1723 708 1763 750 2²⁷

368 783 425 825 Et
457 783 587 825 alibi:
634 783 771 824 “Jam
805 782 980 838 quidem
1012 782 1186 823 omnino
1215 781 1419 823 delictum
1451 783 1516 821 est
1547 779 1594 820 in
1624 777 1761 826 vobis,

368 856 389 872 “
422 852 535 907 quod
560 851 773 906 judicium
805 850 975 892 habetis
1006 850 1122 892 inter
1152 864 1239 891 vos.
1326 849 1469 900 Quare
1499 862 1588 889 non
1624 845 1763 901 magis

368 926 387 939 “
420 920 622 975 iujuriam
663 919 889 974 accipitis?
944 918 1086 969 Quare
1128 933 1216 959 non
1268 917 1406 973 magis
1450 915 1644 957 fraudem
1686 928 1760 969 pa-

367 994 386 1007 “
420 987 631 1028 timini?”
694 987 753 1027 Et
794 986 961 1028 adhuc:
1019 986 1186 1038 “Quod
1238 986 1273 1026 si
1314 985 1502 1026 invicem
1552 982 1759 1025 mordetis

365 1062 385 1075 ‘⁶
419 1058 462 1096 et
504 1055 737 1105 comeditiS,
783 1054 928 1096 videte
976 1069 1029 1095 ne
1073 1054 1128 1095 ab
1174 1054 1363 1095 invicem
1405 1049 1758 1094 consumamini.'’

362 1123 430 1171 Et,
456 1137 540 1178 quo
562 1122 672 1163 nihil
694 1126 759 1164 est
784 1122 1070 1174 manifestius,
1102 1128 1312 1163 “servum
1340 1121 1423 1163 Dei
1451 1125 1494 1163 te
1520 1134 1608 1161 non
1636 1133 1758 1175 opor-

362 1197 382 1210 “
416 1194 481 1232 tet
501 1190 686 1246 litigare,
711 1190 784 1232 sed
815 1194 1091 1232 mansuetum
1125 1204 1215 1231 esse
1241 1190 1297 1231 ad
1331 1204 1489 1238 omnes,
1514 1187 1756 1239 docibilem,

360 1265 381 1279 “
416 1259 693 1314 patientem.’'

417 1327 453 1367 O
483 1326 519 1367 si
551 1326 808 1382 vigilantius
830 1327 1110 1368 advertamus
1131 1326 1413 1368 fortissimam
1436 1324 1583 1382 sponsi
1604 1338 1753 1380 peren-

356 1394 424 1434 nis
456 1394 789 1443 aemulationem,
824 1395 1074 1450 corruptiva
1106 1394 1496 1436 contentionalium
1528 1406 1753 1434 causarum

356 1461 526 1516 piacula
558 1465 647 1502 tam
676 1461 961 1517 imperialiter
993 1461 1298 1517 reprimentem
1325 1462 1380 1503 ab
1409 1460 1639 1503 animabus
1676 1475 1752 1516 per

353 1529 526 1570 fidelem
574 1529 814 1570 claustralis
852 1529 958 1571 vitae
1001 1530 1285 1585 sponsionem,
1334 1530 1417 1571 sibi
1451 1529 1564 1585 [per]
1593 1528 1752 1569 indivi-

355 1597 487 1638 duum
524 1597 628 1639 vitae
660 1597 925 1639 consortium
959 1596 1200 1653 copulatis,¹
1243 1613 1339 1639 cum
1373 1597 1498 1638 dicit:
1541 1601 1562 1617 ‘⁶
1597 1595 1751 1651 Capite

356 1669 378 1686 “
410 1665 533 1707 Vobis
584 1665 735 1721 vulpes
783 1666 985 1721 parvulas
1041 1680 1137 1721 quae
1201 1665 1496 1707 demoliuntur
1565 1663 1750 1705 vineas.''

354 1733 470 1784 Quid
493 1733 606 1774 enim
639 1737 742 1774 sunt
773 1733 924 1789 vulpes
955 1734 1148 1789 parvulae
1181 1734 1265 1775 nisi
1298 1733 1464 1775 callidae
1495 1731 1750 1787 litigatoriae

351 1801 611 1842 subtilitatis
644 1801 837 1857 argutiae,
877 1816 972 1856 quae
1004 1802 1154 1843 vineas
1188 1802 1507 1852 demoliuntur3
1559 1800 1638 1842 hoc
1670 1803 1745 1849 est,

348 1869 486 1911 instar
517 1870 743 1910 vinearum
780 1869 947 1911 animas
980 1870 1171 1911 exterius
1212 1870 1440 1926 asperioris
1477 1869 1747 1926 poenitentiae

348 1937 519 1979 horrore
564 1938 822 1993 squalentes,
854 1941 897 1978 et
931 1952 986 1979 ex
1015 1953 1109 1979 rore
1130 1938 1283 1993 gratiae
1316 1937 1501 1980 coelestis
1532 1940 1747 1993 vegetat-ae

347 2005 540 2054 interius,
572 2020 648 2061 per
696 2005 786 2047 vim
820 2005 1000 2047 vitalem
1046 2007 1205 2048 amoris
1236 2007 1406 2055 fervidi,
1441 2006 1603 2056 vinum,
1629 2006 1746 2062 quod

348 2080 413 2117 est
445 2076 685 2132 spiritualis
733 2076 899 2126 lietitia,
934 2080 1024 2117 tam
1068 2078 1307 2119 affectualis
1344 2077 1585 2118 dulcedinis
1616 2091 1744 2132 quam

346 2144 583 2199 splendoris
636 2144 950 2196 intellectualis,
1011 2144 1238 2187 affluenter
1277 2145 1553 2201 perferentes,
1607 2159 1745 2186 corro-

347 2212 488 2252 dendo
523 2212 780 2261 devastant3
828 2227 935 2266 quas
970 2213 1178 2254 videlicet
1230 2214 1382 2269 vulpes
1423 2213 1628 2270 parvulas
1669 2227 1746 2268 per

345 2279 538 2321 coelestes
581 2280 758 2328 animos,
809 2280 884 2335 qui
933 2285 1036 2322 suut
1084 2282 1240 2338 vigiles
1288 2282 1580 2338 paranymphi
1627 2282 1744 2322 inter

345 2362 549 2402 sponsum
589 2347 670 2388 Dei
699 2347 858 2388 Filium
891 2352 935 2389 et
982 2364 1184 2405 sponsam
1239 2350 1484 2406 religiosam
1534 2349 1737 2400 animam,

344 2415 609 2470 sponsalium
646 2414 835 2456 felicium
868 2417 1182 2458 connubiorum
1224 2418 1399 2467 foedera,
1442 2417 1739 2459 interminatis

343 2483 632 2524 devotissimae
675 2483 921 2525 sedulitatis
969 2485 1117 2527 officiis
1148 2489 1468 2541 prosequentes,
1509 2486 1604 2541 ipsa
1655 2484 1738 2526 Dei

344 2550 558 2591 districtio
602 2551 784 2591 mandat
826 2553 1213 2595 exterminandas?
1283 2553 1448 2605 Quidni
1480 2554 1619 2595 modis
1650 2569 1740 2595 om-

342 2617 471 2659 nibus
504 2621 732 2659 arceantur
763 2619 945 2661 istarum
979 2621 1176 2677 vulpium
1215 2626 1403 2664 versutae
1427 2622 1735 2677 malignitates

343 2700 439 2740 qufe
503 2700 591 2726 non
643 2686 779 2727 solum
831 2687 981 2729 vineas
1032 2690 1383 2745 contemplativae
1429 2689 1733 2745 jucunditatis,

342 2768 493 2795 verum
531 2753 663 2794 etiam
709 2755 853 2810 fruges
880 2755 1013 2810 just-„u
1046 2757 1299 2807 voluntatis,
1347 2762 1390 2800 et
1439 2758 1599 2799 oliveta
1650 2758 1734 2814 piae

923 2925 930 2943 ¹
956 2924 1018 2957 Sic.
