1905 3180
553 256 783 288 APPENDIX
821 261 910 290 xxl.
1322 258 1401 293 (ΗΕ)

30 375 145 431 quod
166 375 344 415 carecta³
381 386 458 427 per
474 373 643 426 portam
669 372 784 412 illam
818 373 976 414 intrare
1008 377 1168 429 possint
1202 383 1243 417 (τί,
1279 381 1403 421 ‹um-v,

31 445 160 499 prout
192 441 324 482 iidem
358 440 513 481 fratres
550 440 687 493 magis
720 440 772 479 ad
806 455 910 494 opus
954 456 1077 482 suum
1117 444 1300 485 viden-int
1337 462 1405 485 vxff

31 509 185 566 pedire,
223 511 267 549 et
299 510 470 562 portam
504 506 623 547 illam
665 506 725 546 sic
762 507 1161 562 elargataintunel-(1.
1207 513 1399 566 inqu-w„

29 582 168 627 tuum,
212 576 303 617 sine
325 574 544 616 occasione
578 574 647 614 vel
683 574 991 628 impedimento
1033 579 1164 618 nostri
1202 584 1243 619 et
1282 580 1405 620 lum-w

31 646 134 687 dum
164 646 420 685 nostrorum.
486 641 540 681 In
578 640 710 695 cujus,
745 642 817 682 &c

86 712 214 754 Teste
250 711 378 766 Rege,
417 709 533 765 apud
577 708 748 763 Salopp,
782 723 884 749 xxv.
918 710 984 750 (lie
1020 710 1154 764 Septr.

659 1032 808 1074 XXII.

32 1176 124 1219 Pro
150 1174 392 1217 Fratribus
422 1172 688 1216 Minoribus
722 1173 921 1216 Elam-um
941 1174 993 1216 <lc
1015 1175 1214 1230 quadam
1244 1175 1281 1217 V
1281 1175 1419 1216 malla

584 1240 878 1283 includenda.

418 1379 530 1435 (Pat.
566 1382 619 1420 18
654 1381 773 1423 Edw.
807 1380 840 1422 I.
874 1396 926 1422 m.
961 1383 1043 1438 40.)

96 1520 192 1562 Rex
222 1519 424 1562 omnibus
458 1519 514 1561 ad
543 1534 660 1576 quos,
692 1521 763 1563 &c
793 1521 986 1563 salutem.
1050 1522 1162 1574 Quia
1190 1522 1423 1577 accepimus

38 1603 116 1645 per
171 1588 501 1643 inquisitionem
559 1603 690 1643 quam
743 1603 820 1644 per
875 1589 1169 1631 vicecomitem
1233 1594 1423 1631 nostrmn

39 1657 232 1698 Eborum
274 1659 319 1698 et
360 1655 540 1698 dilectos
589 1660 633 1698 et
684 1656 831 1698 fideles
881 1660 1048 1699 nostros
1088 1658 1117 1699 J
1122 1658 1332 1698 ohannem
1373 1657 1423 1697 (le

37 1723 351 1780 Lichegreynes
382 1727 427 1765 et
459 1723 688 1765 Nicholam
711 1724 763 1766 de
802 1723 956 1780 Seleby
993 1725 1195 1780 majorem
1237 1724 1423 1766 civitatis

35 1795 195 1835 nostrae
228 1791 421 1833 Eborum
444 1791 538 1833 fieri
560 1791 749 1842 fecimus,
773 1792 888 1847 quod
920 1807 1005 1833 non
1028 1796 1091 1834 est
1112 1793 1166 1834 ad
1192 1792 1421 1847 dampnum

35 1874 111 1902 seu
131 1859 433 1915 praejudicium
454 1862 652 1900 nostrum
675 1874 750 1901 seu
783 1860 962 1901 aliorum
985 1860 1020 1900 si
1053 1860 1328 1901 concedamus
1361 1859 1422 1899 di-

36 1927 156 1969 lectis
196 1926 323 1968 nobis
364 1927 412 1967 in
463 1926 638 1968 Christo
679 1927 887 1969 fratribus
928 1927 979 1969 de
1020 1927 1167 1969 ordine
1210 1926 1421 1967 Minorum

37 1994 229 2050 ejusdem
274 1993 478 2044 civitatis,
524 1994 640 2049 quod
685 1995 767 2050 ipsi
809 1994 1024 2050 quandam
1066 1994 1275 2035 venellam
1328 2007 1422 2046 quat

39 2062 242 2118 contigua
283 2064 350 2103 est
390 2076 513 2103 muro
551 2077 628 2103 suo
664 2062 839 2114 ibidem,
874 2066 918 2103 et
951 2077 1048 2117 quae
1085 2076 1126 2102 se
1152 2060 1346 2102 extendit
1381 2060 1424 2099 in

38 2129 314 2186 longitudine
345 2131 390 2170 et
420 2129 655 2171 latitudine
677 2145 703 2170 a
725 2130 797 2171 via
827 2131 946 2186 regia
978 2143 1108 2183 usque
1138 2128 1192 2169 ad
1218 2127 1422 2168 venellam

39 2211 135 2253 quae
157 2211 201 2238 se
232 2196 353 2238 ducit
386 2211 535 2239 versus
567 2197 825 2248 molendina,
851 2197 982 2251 juxta
1016 2197 1213 2239 Castrum
1235 2197 1423 2235 nostrum

41 2264 246 2314 Eborum,
286 2263 515 2315 includere,
550 2268 594 2306 et
626 2279 721 2306 eam
753 2265 812 2306 sic
845 2265 1053 2306 inclusam
1084 2267 1228 2304 tenere
1264 2261 1425 2317 possint

42 2332 123 2373 sibi
175 2335 220 2373 et
272 2331 586 2373 successoribus
640 2332 728 2373 suis
777 2332 1120 2388 imperpetuum;
1171 2330 1233 2370 ita
1282 2332 1424 2369 tamen

42 2399 158 2455 quod
193 2398 414 2454 quandam
448 2400 578 2441 aliam
615 2400 831 2442 venellam
853 2400 1043 2455 ejusdem
1064 2396 1344 2453 longitudinis
1386 2399 1427 2434 et

41 2467 291 2509 latitudinis
323 2467 463 2509 eidem
495 2468 675 2509 venellae
697 2468 944 2523 contiguam
972 2466 1018 2508 in
1040 2466 1127 2508 solo
1155 2478 1230 2506 suo
1260 2462 1428 2519 proprio

41 2535 232 2586 faciant3
275 2549 354 2576 nos
403 2535 566 2576 eisdem
609 2535 817 2577 fratribus
849 2535 1035 2591 gratiam
1071 2533 1204 2575 facere
1236 2532 1427 2573 volentes

42 2603 88 2646 in
120 2603 201 2644 hac
233 2605 358 2658 parte
400 2603 687 2645 concessimus
720 2603 780 2644 eis
820 2617 896 2659 pro
937 2601 1060 2643 nobis
1101 2604 1144 2642 et
1191 2598 1426 2641 haeredibus·

44 2669 206 2713 nostris
240 2672 454 2725 quantum
483 2671 529 2712 in
558 2671 684 2713 nobis
717 2674 793 2721 est,
825 2670 940 2725 quod
972 2669 1054 2725 ipsi
1081 2668 1322 2724 praedictam
1358 2679 1426 2703 ve-

45 2738 205 2781 nellam
238 2738 459 2780 includere
493 2741 538 2780 et
570 2754 666 2780 eam
703 2738 909 2780 inclusam
956 2740 1100 2779 tenere
1144 2734 1306 2789 possint
1347 2731 1425 2770 sibi

47 2809 91 2848 et
133 2806 449 2849 successoribus
489 2807 578 2850 suis
618 2807 946 2862 imperpetuum.
1024 2804 1094 2845 Ita
1133 2805 1274 2843 tamen
1315 2797 1425 2851 quod
