1905 3180
624 244 861 275 EPISTOLAE.
1356 237 1439 277 385

37 357 85 399 in
114 356 462 398 aedificationem.
545 355 631 398 Hae
664 360 812 398 autem
845 372 952 412 quas
979 361 1140 399 vocant
1175 358 1443 414 provisiones

39 438 128 465 non
156 426 259 465 sunt
287 423 334 463 in
365 423 708 474 aedificationem,
743 425 817 465 sed
849 426 895 465 in
932 426 1328 467 manifestissimam
1370 428 1443 469 de-

39 491 332 533 structionem.
404 490 507 531 Non
540 490 677 546 igitur
713 505 784 532 eas
818 495 965 546 potest
996 492 1128 533 beata
1160 493 1291 534 Sedes
1322 494 1441 549 Apo-

40 558 198 600 stolica.
265 558 442 599 Etenim
475 572 572 599 caro
605 562 649 599 et
683 558 871 613 sanguis,
899 574 995 615 quse
1027 574 1209 615 regnum
1233 560 1315 601 Dei
1352 576 1440 602 non

37 625 331 681 possidebunt,
365 639 436 666 eas
472 625 698 675 revelavit,
747 628 791 666 et
821 639 913 666 non
955 626 1086 667 Pater
1118 627 1299 668 Domini
1332 628 1441 669 Jesu

39 692 213 743 Christi,
249 693 323 748 qui
357 696 421 734 est
453 692 501 734 in
532 692 662 736 coelis.

632 893 860 936 CCXVII.

38 1017 196 1060 Fratri
227 1017 283 1067 J.,
319 1017 517 1059 Domini
547 1017 688 1073 Papoe
724 1017 916 1068 Nuntia
964 1020 1126 1062 Frater
1161 1020 1270 1062 Ada
1316 1020 1439 1063 sala-

111 1090 196 1127 tem
238 1090 277 1127 et
308 1086 515 1127 devotum
552 1085 706 1128 <lebetae
747 1086 1011 1129 dilectionis
1041 1088 1345 1144 fcmnalatmn.

97 1213 182 1255 Pro
217 1214 313 1254 viro
359 1213 611 1265 venerabili,
644 1214 855 1269 magistro
890 1214 1083 1256 Henrico
1116 1215 1168 1257 de
1201 1216 1430 1265 Bathonia,
1452 1227 1650 1271 ForHeury

39 1295 166 1336 quem
217 1284 263 1322 et
325 1281 540 1322 excellens
602 1295 773 1322 morum
824 1282 1040 1331 honestas,
1099 1286 1143 1324 et
1194 1284 1434 1325 eminentia
1452 1273 1634 1348 gea-Batho-

37 1349 227 1390 scientiae
258 1348 517 1404 spectabilis
552 1349 608 1390 ad
655 1349 904 1404 opinionem
946 1350 1155 1390 celebrem
1196 1351 1341 1391 titulis
1385 1350 1437 1391 il-

37 1416 228 1457 lustrant
272 1416 534 1467 clarioribus,
580 1416 748 1458 inolitae
800 1417 1119 1472 circumspectae
1163 1417 1440 1459 discretionis

36 1484 314 1540 benignitati,
353 1499 484 1539 quam
526 1485 790 1540 multiplicia
834 1485 897 1540 pii
940 1486 1125 1541 pectoris
1181 1490 1440 1541 argumenta

37 1553 154 1607 apud
185 1552 431 1593 sedulitatis
461 1555 619 1594 vestrae
650 1552 926 1608 diligentiam
957 1552 1123 1594 fervere
1157 1554 1441 1609 comprobant

38 1619 343 1669 indesinenter,
398 1620 591 1675 supplico
654 1620 882 1661 obsecrans
949 1621 1166 1662 attentius
1223 1625 1439 1675 quatenus

40 1687 156 1729 dicto
188 1687 396 1742 magistro
430 1687 487 1729 H.
521 1687 568 1728 in
617 1702 704 1729 suae
748 1688 1020 1729 necessitatis
1066 1688 1283 1743 urgentiis
1331 1689 1439 1730 deli-

0 1745 1 1816 ]
38 1753 276 1796 berationis
316 1755 554 1804 consilium,
588 1758 632 1796 et
664 1755 933 1809 adjutorium
981 1756 1261 1805 executionis,
1309 1761 1440 1811 prout

38 1825 185 1863 vestra
216 1822 452 1863 secundum
484 1823 627 1864 Deum
671 1822 887 1864 censuerit
918 1823 1146 1874 industria,
1179 1823 1441 1879 participare

40 1904 128 1931 non
160 1890 330 1931 ducatis
360 1890 602 1945 indignum.

99 1957 256 1998 Valeat
286 1961 444 2000 vestrae
477 1958 722 1999 dilectionis
753 1959 958 2000 suavitas,

611 2145 863 2188 CCXVIII.

73 2270 472 2313 Desideratlssimo
508 2270 651 2325 patri,
706 2270 867 2312 Fratri
901 2270 976 2320 J.,ยน
1017 2270 1215 2312 Domini
1265 2272 1406 2327 Papa).

187 2338 378 2388 Nuntio,
411 2338 571 2381 Frater
604 2337 714 2381 Adeo
758 2339 950 2380 salutem
987 2338 1038 2380 in
1073 2338 1285 2381 Domino.

9 2516 11 2526 .
101 2464 183 2505 Pro
243 2465 417 2506 domino
469 2465 627 2506 abbate
675 2465 728 2506 de
772 2465 979 2520 Oseneye,
1036 2464 1312 2520 ejusdemque
1358 2466 1596 2507 1001F01-the

46 2536 272 2581 conventu,
309 2547 386 2587 per
428 2536 686 2587 praesentem
724 2532 921 2573 litteram
968 2532 1319 2588 circumspectam
1368 2548 1441 2588 pa-
1458 2512 1646 2587 ffl'catffiff

92 2732 100 2749 ยน
126 2731 272 2764 Joannes
304 2733 476 2774 Anglicus.
536 2733 597 2764 See
623 2733 704 2763 Mat.
775 2733 837 2763 cial
853 2732 1007 2763 Minister
1022 2732 1060 2763 of
1072 2733 1226 2773 England
1245 2732 1315 2772 just
1332 2731 1441 2763 before

49 2782 151 2815 West.
184 2795 214 2824 p.
248 2789 322 2816 220.
383 2786 435 2816 He
470 2785 498 2816 is
529 2786 631 2816 stated
662 2786 706 2825 by
776 2784 853 2815 Ada
869 2785 908 2815 de
926 2784 1071 2815 Marisco
1089 2785 1173 2816 died.

47 2844 134 2867 some
151 2837 276 2868 writers
299 2842 332 2868 to
356 2837 438 2869 have
462 2839 545 2868 been
567 2835 708 2868 Provin-

1178 2899 1264 2929 BB
